2284 4000
283 341 455 413 arrae
494 325 721 410 eunoun?
863 313 912 436 99

100 489 265 570 mearent
280 473 406 574 :quod
418 500 459 546 ea
472 469 586 574 gratia
604 470 761 546 maxime
778 497 799 544 a
815 470 914 544 Pria-

105 591 212 666 midis
223 590 481 684 festinabatur,
499 589 553 662 uti
571 615 726 688 propere
742 587 914 663 instructo

104 708 284 802 exercitu,
305 722 449 805 tempus
468 705 702 804 profectionis
725 721 918 803 antecape*
943 702 947 710 “

76 825 87 837 ⁸
108 840 188 898 rent
192 841 320 925 ‚atque
328 849 438 898 omne
451 823 551 924 quod
564 823 757 922 parabatur
766 821 917 920 bellum,

108 943 146 1019 in
165 944 329 1046 regiones
346 941 491 1019 Graeciae
508 956 818 1040 transportaretur.

348 1121 555 1194 CAPUT
594 1123 674 1192 IX.

77 1270 81 1286 '
125 1353 128 1358 ,
153 1281 249 1361 Duru
263 1275 337 1352 haec
348 1272 445 1373 apud
458 1274 610 1372 Troiam
620 1253 825 1376 geruntur,
838 1275 923 1350 Dio·

108 1397 233 1471 medes
243 1393 390 1492 incoepti
401 1419 529 1467 eorum
545 1392 678 1468 certior
693 1393 807 1470 factus
823 1409 924 1497 mag0'

109 1543 158 1590 na
172 1512 351 1588 celeritate
363 1535 592 1610 peromnem
605 1510 780 1585 Graeciam
797 1536 924 1611 perra*-

107 1647 233 1735 Βαΐας,
249 1630 434 1706 universos
450 1627 559 1701 ducas
581 1627 746 1702 convenit
769 1661 777 1701 ε
799 1631 924 1732 eisque

109 1748 301 1825 consilium
318 1744 568 1846 Troianorum-
583 1742 746 1842 aperiens
760 1801 773 1840 ‚
798 1763 926 1822 monet

112 1863 405 1972 atqttehortatur,
413 1865 467 1942 uti
476 1865 748 1968 quamprimum
761 1867 926 1946 instructi
1031 1915 1035 1920 ι

112 1989 220 2065 rebus
241 1987 336 2063 bello
354 1984 585 2081 necessariis,
611 1985 657 2060 ad
681 1988 923 2092 navigandum

110 2107 330 2183 festinarent.
340 2105 471 2205 Neque
482 2104 598 2179 multo
607 2118 689 2203 post
694 2134 756 2199 ,re
765 2109 929 2209 cognita,-

112 2229 231 2328 Argos
245 2225 290 2299 ab
307 2222 475 2298 omnibus
488 2223 709 2298 convenitur.
730 2222 785 2298 lbi
803 2226 928 2300 Achil-

110 2344 163 2419 tes
181 2342 258 2445 regi
274 2340 500 2443 indignatus,
523 2341 624 2442 quod
648 2356 798 2440 propter
815 2343 926 2421 fluam

113 2476 281 2539 renueret
293 2457 577 2561 profectionem,
590 2458 634 2531 ab
648 2459 780 2563 Ulysse
795 2461 833 2535 in
847 2490 929 2565 gra-

111 2582 203 2657 tiam
216 2580 390 2680 *reductus
406 2592 471 2658 est.
492 2579 528 2651 Is
540 2603 698 2679 namque
713 2596 925 2659 summocsto

110 2725 155 2775 ac
174 2700 277 2775 luctu
290 2694 410 2773 obsito
428 2695 699 2797 Agamemnoni
721 2695 930 2797 insinuans,¹>

113 2848 193 2923 quae
207 2816 301 2893 circa
314 2815 424 2914 filiam
437 2814 514 2915 ejus
527 2813 927 2912 evenissent,animum
974 2811 976 2815 ’

110 2954 222 3039 atque
246 2951 415 3011 ornatum
435 2932 530 3036 regis
560 2933 782 3010 reformavit
810 2938 925 3040 Igitur

111 3056 251 3142 eunctis
267 3052 521 3153 praesentibus,
544 3079 768 3153 quamquam
784 3082 806 3127 a
826 3058 935 3135 nullo
1015 3122 1017 3125 .

112 3174 232 3254 officia
258 3172 395 3256 militiae
424 3169 723 3272 negligebantur,
749 3173 927 3272 praecipue

114 3308 240 3367 nmen
252 3293 347 3389 Aiax
358 3286 611 3383 Telamonius,
627 3302 662 3363 et
675 3288 831 3365 Achilles
843 3311 931 3387 cuttu

110 3407 297 3495 Diomede
324 3432 449 3484 curam
476 3405 675 3530 matriniam
697 3405 936 3511 studiumque
