2284 4000
304 344 454 396 aaran
488 331 703 395 secono:
840 317 909 418 139
949 347 952 354 ’

9 536 14 544 ,
101 469 194 549 tem,
208 454 304 530 ultro
321 455 458 533 Graecis
468 457 692 558 Polydorum
711 456 908 531 tradidisse.
962 553 964 557 Α

101 577 152 649 Ex
173 600 248 674 quo
271 575 380 648 etiam
400 576 600 651 verendum
624 605 671 652 ne
689 605 760 679 qua
778 592 814 649 et
834 574 917 648 aliae

104 691 304 792 conjunctae
314 720 357 767 ac
366 692 531 767 finitimae
544 693 947 798 regionesperniciosa
1043 795 1048 802 ι

104 809 247 885 consilia
272 811 463 886 adversum
487 814 641 912 Trojam
671 813 913 887 molirentur:

103 955 221 1028 neque
240 927 325 1002 fidei
342 927 420 1028 jus,
441 945 564 1002 contra
582 930 748 1005 insidiosa
766 929 918 1024 cunet'a,¹

104 1060 211 1148 atque
233 1047 380 1123 adversa
399 1045 437 1119 in
454 1048 641 1127 obsidione
664 1051 755 1124 fore.
776 1046 918 1152 Quaesi

105 1169 253 1260 onines,
267 1166 316 1239 ita
327 1182 368 1238 ut
382 1192 439 1240 res
455 1182 529 1261 est,
543 1168 666 1244 animo
681 1174 917 1274 reputarent,

106 1300 142 1361 et
152 1285 296 1362 Helena
316 1311 400 1359 cum
419 1285 534 1388 gratia
547 1287 713 1382 remissa,
730 1287 848 1387 majus
862 1301 920 1359 at-

111 1423 181 1505 que
211 1401 342 1477 arctius
368 1395 542 1477 amici'tiaev
563 1403 694 1505 pignus
724 1405 818 1478 inter
846 1403 926 1476 duo·
1007 1441 1009 1446 ·

107 1548 219 1622 regna
235 1518 461 1595 coalesceret.
480 1521 571 1619 Quae
586 1521 649 1594 uhi
666 1520 801 1619 accepit
818 1524 922 1624 Hec-
964 1517 967 1522 ’

109 1656 168 1714 to‘r
180 1638 427 1714 recordatione
442 1636 593 1711 fraterni
606 1637 772 1712 facinoris
788 1639 926 1714 tristior

109 1757 355 1860 aliquantum,
373 1755 586 1860 suffirsiaque
603 1782 688 1829 curn
701 1757 924 1833 moerorela·

112 1874 269 1978 crymiS,
285 1875 466 1952 Helenam
479 1890 602 1954 tamen
617 1874 842 1973 prodendam
855 1874 931 1948 mi-·

111 1994 212 2071 nime
226 1994 395 2087 rebatur,
412 1992 547 2094 quippe
559 1992 758 2091 supplicem
772 1992 902 2067 domds
910 2050 924 2089 ‚

111 2114 213 2189 etob
234 2111 272 2185 id
289 2110 360 2187 fide
378 2109 587 2209 interposita
599 2108 772 2186 tuendam
787 2140 796 2184 ι
811 2109 840 2182 si
853 2132 928 2209 qua·
949 2106 953 2112 ⁴

111 2242 236 2308 autem
249 2252 334 2304 cum
352 2253 395 2304 ea
410 2243 532 2327 erepta
544 2216 781 2321 docerentur,
794 2216 923 2303 cuncta

111 2346 341 2425 restituenda.
355 2348 527 2449 Namque
538 2373 609 2447 pro
620 2344 763 2423 Helena
773 2347 928 2422 Cassan-

113 2468 217 2543 dram
234 2522 246 2562 ,
263 2466 337 2542 sive
349 2464 570 2569 Polyxenam
584 2520 600 2563 ,·
615 2460 726 2570 quarn
738 2463 863 2567 legatis
876 2464 930 2541 vi·

113 2585 292 2681 deretur,
321 2599 479 2685 nuptum
504 2574 591 2663 curn
615 2584 798 2687 praeclaris
824 2580 929 2659 donis

113 2702 281 2781 Menelao
294 2704 518 2779 tradendam.

315 2904 344 2972 C
358 2905 389 2972 A
402 2904 430 2971 P
444 2904 476 2972 U
489 2902 522 2971 T
557 2904 593 2972 X
608 2904 645 2973 X
658 2904 688 2973 V
702 2903 729 2971 Ι.
903 2912 907 2923 ’

166 3057 228 3132 An
238 3052 471 3131 eaMenelaus
479 3052 650 3143 iracunde
658 3069 780 3129 atrox:
795 3083 813 3123 «
823 3054 933 3155 Egre-

117 3205 140 3247 »ι
159 3173 217 3277 gie
229 3172 374 3248 hercule
384 3165 511 3247 'actum
525 3171 629 3246 nobis
642 3187 720 3267 est,
741 3170 770 3244 si
783 3170 939 3273 quidem.
1007 3262 1008 3265 Ἴ

118 3289 312 3391 »proprio
339 3287 534 3390 spoliatus,
554 3304 779 3365 commutare
803 3288 933 3361 matri-
996 3311 998 3315 ’

118 3439 144 3483 »
161 3409 327 3489 monium
344 3434 415 3510 pro
427 3407 576 3490 arbitrio
594 3397 751 3487 hostiam
763 3432 933 3487 meorum
