2284 4000
177 286 227 378 44
292 362 296 368 ,
361 301 540 359 ananan
567 302 623 364 nr
649 282 808 358 riom!

413 481 606 550 CAPUT
638 482 753 552 XVI.

223 651 328 725 Dein
344 649 383 723 in
397 649 533 749 templo
545 650 701 725 lunonis
713 646 857 752 Argivae
873 656 1011 726 recto?

174 794 254 844 rem
267 767 433 842 omnium
448 767 619 844 declarari
629 768 772 868 placuit.
791 767 907 870 Igitur
918 768 993 842 sin·
1073 763 1080 775 '

176 887 251 989 guli
265 887 302 962 in
318 887 475 982 tabellis,
493 913 581 989 quas
595 889 641 962 ad
657 871 890 989 deligendum
905 875 992 961 belli

175 1005 397 1106 principem,
409 1029 520 1108 quem
534 1001 665 1108 cuique
676 1005 877 1102 videretur,
890 1033 992 1083 acce-

175 1141 325 1224 perant,
347 1124 485 1225 punicis
498 1123 625 1201 litteris
636 1127 773 1201 nomen
789 1125 992 1229 Agamem-

175 1243 279 1318 nonis
293 1244 490 1345 designant.
521 1247 576 1319 Ita
602 1271 778 1322 consensu
792 1244 959 1321 omnium
977 1237 995 1340 ,'

177 1362 335 1436 secundo
363 1387 533 1456 mniore,
562 1387 746 1437 summam
770 1362 854 1441 belli
882 1379 992 1465 atque·

178 1480 353 1557 exercitus
363 1479 401 1554 in
413 1480 626 1581 sesuscipitt
641 1482 742 1584 quod
751 1482 785 1557 ei
794 1497 830 1558 et
841 1499 993 1583 propter

178 1625 394 1702 germanum
400 1600 645 1705 ‚cujusgratii
657 1600 993 1712 bellurpidparaba·
1063 1657 1067 1660 <

180 1735 260 1817 tur,
275 1735 311 1796 et
324 1715 474 1819 propter
486 1747 659 1826 magnam
672 1745 787 1820 opum
799 1719 892 1816 vim,
908 1721 993 1822 qui-

179 1839 248 1914 bus
258 1853 387 1937 praeter
398 1853 543 1914 caeteros
560 1838 705 1915 Graeciae
721 1865 824 1942 reges
838 1863 993 1942 magnus

179 1973 288 2059 atque
298 1956 411 2033 clarus
423 1957 642 2054 habebatur,
657 1957 790 2036 merito
803 1958 990 2037 acciderat.

100 2081 104 2091 ’
182 2074 276 2153 Dein
300 2075 408 2151 duces
429 2076 688 2179 praeiectnsque
704 2076 851 2155 navium
866 2066 1003 2154 Αώίἰ-1

52 2245 55 2249 -
182 2196 283 2290 lem,
312 2197 464 2298 Ajacem
494 2210 530 2271 et
562 2197 769 2272 Phoenicem
802 2196 992 2271 destinant.

182 2317 443 2413 Praeponuntur
468 2318 578 2389 etiam
605 2314 796 2415 campestri
815 2308 997 2391 'exercitui

183 2431 390 2507 Palamedes
417 2460 502 2508 cum
528 2432 705 2507 Diomede
727 2449 763 2508 et
781 2432 934 2536 Ulysse,
947 2433 998 2507 ita

183 2566 225 2625 ut
242 2551 340 2626 inter
360 2578 397 2627 se
419 2551 589 2647 diurnas,
613 2551 888 2655 vigiliarumque
905 2553 1000 2630 vices

185 2670 405 2769 dispertiant.
436 2670 507 2746 His
535 2670 688 2771 peractis
700 2691 725 2766 ,“
747 2672 793 2747 ad
824 2673 1000 2772 parandas

186 2816 273 2888 opes
298 2807 406 2892 atque
431 2772 670 2866 instrumenta
689 2786 847 2886 militiae,
869 2790 1000 2895 singuli

141 2918 143 2921 ’
185 2907 292 2979 suain
303 2910 412 3011 regna
424 2908 621 2986 discedunt.
632 2906 1000 2993 Interimhellistudio

185 3015 332 3101 ardebat
345 3028 464 3101 omnis
483 3028 638 3133 Graecia:
652 3056 773 3123 arma,
790 3027 881 3121 tela,
896 3027 1015 3130 equi‚.
1062 3098 1066 3104 .

186 3173 292 3221 naves
298 3162 425 3249 ,atque
434 3149 508 3222 haec
520 3146 644 3224 omnia
657 3163 735 3222 toto
751 3145 898 3222 biennio
910 3174 1001 3246 prae·

1 3310 2 3341 3
122 3354 125 3358 ᾗ
186 3278 357 3360 parantur
392 3296 401 3335 :
435 3293 549 3366 quum
579 3252 746 3367 juventus
774 3264 909 3363 partim
937 3268 1001 3340 sua

184 3398 311 3480 sponte
323 3438 336 3477 ,
350 3382 409 3457 alii
422 3383 613 3485 aequalium
629 3384 676 3459 ad
687 3383 842 3487 gloriam
855 3382 1001 3477 aemulas
