2284 4000
198 226 241 313 14
324 290 336 301 a
376 249 553 298 coenan
579 228 818 300 or'rnorr.

155 404 165 417 ·-
191 357 405 461 dotatusque
418 362 463 435 ad
475 363 715 437 concreditus.
728 361 875 437 Actaeis
886 360 1026 457 initio,

192 473 321 577 quibus
333 479 553 577 imperatum
565 497 657 575 erat,
668 480 715 554 ad
726 507 836 556 naves
844 478 980 557 veniun
988 496 1023 575 t,

191 594 376 669 decretum
391 596 532 673 civium
543 581 680 674 cunctis
699 614 844 673 narrant
860 630 868 669 ε
884 598 1019 699 itaque

74 786 78 802 f
191 736 277 787 cum
301 713 432 815 quibus
456 731 560 790 antea
588 716 635 792 ad
659 717 907 819 confirmanda
921 744 1022 817 quae

183 844 336 931 'tempus
368 834 564 929 monebat,
593 837 773 911 secedunt.
803 836 858 910 Ibi
880 842 1019 936 'quum

193 948 307 1023 muln
324 949 368 1025 de
385 951 567 1049 republica
583 980 625 1026 ac
638 978 780 1026 summa
797 980 922 1027 renam
935 951 1018 1026 dis-
1137 1037 1138 1048 p

194 1082 371 1162 sererent,
387 1067 609 1144 voluntatem
622 1095 768 1171 quoque
781 1070 931 1144 Helenae
940 1070 1017 1143 do·
1137 1059 1138 1062 ¹

194 1200 295 1277 cent,
308 1185 523 1286 tertiamque
535 1201 653 1259 orant.
664 1188 709 1260 Et
722 1188 768 1260 ad
781 1204 1014 1285 postremum

194 1300 410 1375 confirmant
420 1302 782 1402 interseprodruonrs
790 1304 1011 1401 pactionem

70 1480 77 1489 .
173 1418 288 1521 ‘De'in
307 1419 368 1495 ubi
383 1436 526 1519 tempus
537 1448 656 1497 visum
676 1436 753 1515 est,
773 1448 857 1496 cum
877 1422 1015 1530 Ulysse

195 1552 232 1610 et
244 1538 421 1613 Diomede
443 1538 488 1611 ad
497 1542 650 1640 TroJam
669 1538 835 1632 veniunt,
852 1538 1014 1613 cohibito
1051 1584 1058 1593 ι
1128 1617 1132 1628 ,

196 1654 307 1757 Aiace
336 1658 380 1731 ab
407 1658 543 1752 AEnea,
561 1656 694 1733 scilicet
715 1684 761 1732 ue
782 1684 853 1758 qua
875 1654 1010 1731 insidiis

195 1774 462 1873 opprimeretur
479 1714 557 1849 talis
572 1776 627 1852 vir
633 1834 645 1871 ,
660 1802 771 1878 quem
788 1774 907 1849 solum
922 1778 1010 1849 Bar·

197 1892 275 1967 bari
282 1918 356 1965 non
366 1891 585 1995 secus'quam
597 1892 775 1967 Achillem
788 1892 1007 1967 metuebant.

197 2009 312 2113 Igitur
332 2009 525 2114 postquam
547 2012 655 2088 duces
676 2012 791 2088 Graeci
813 2012 851 2086 in
872 2012 1008 2088 civitate

198 2131 377 2229 conspecti
408 2147 510 2225 sunt,
534 2131 654 2206 cuncti
679 2130 772 2207 cives
795 2130 926 2205 tollunt
949 2157 1008 2229 spe

154 2233 155 2236 Ἴ
199 2237 365 2343 animos,
384 2244 631 2336 existimantes
663 2249 773 2324 finem
799 2249 881 2322 belli
905 2265 1009 2350 atque

171 2371 173 2376 ’
201 2365 471 2442 discordiarum
487 2371 611 2468 Itaque
625 2395 780 2466 propere
798 2383 940 2441 senatus
952 2367 1008 2440 ha·

201 2484 296 2583 bitus¹
302 2541 314 2577 ,
326 2485 389 2558 ubi
401 2483 529 2558 nostris
542 2487 773 2585 praesentibus
786 2470 1007 2578 decernitur,

201 2602 362 2700 primum
386 2604 552 2678 omnium
569 2605 830 2681 Antimachum
850 2632 893 2679 ex
910 2604 1008 2678 omui

200 2719 356 2821 Phrygia
377 2719 644 2816 excidendum,
671 2723 804 2798 scilicet
827 2738 1006 2798 auctorem

200 2837 293 2910 tanti
319 2838 418 2910 mali.
444 2840 536 2925 Dein
558 2833 666 2940 super
686 2839 895 2982 conditione
915 2839 1016 2940 pacis'

203 2957 354 3032 tractari
338 2971 535 3110 coeptum.
587 3009 591 3016 ·
641 2993 647 3000 ·
853 2979 857 2986 ·
980 2965 1035 2997 ·’
