2284 4000
300 334 472 383 annana
500 335 555 381 nn
583 333 737 384 ποις.
856 302 925 383 183

112 435 215 547 Qucis
229 447 436 523 Alexander
448 446 561 521 fretus
574 446 803 523 multitudine
817 422 929 520 socio-

114 593 197 640 rum
215 566 412 665 superavit,
427 566 554 649 fanum
568 564 928 665 exspoliavit‚homi-'

117 709 180 757 nes
196 709 319 759 secum
333 682 622 785 quamplurimos
634 683 793 783 captivos
806 682 928 778 duxit,

117 801 159 875 in¹
177 802 299 879 navim
324 799 517 898 imposuit,
539 800 686 874 classem
712 801 835 896 solvit,
861 801 932 877 do-

116 945 223 993 mum
236 916 369 1006 reverti
386 915 581 1015 disposuit,
597 916 635 990 in
647 934 796 1017 portum
809 922 933 995 Tene-

119 1036 194 1111 don
205 1034 390 1134 pervenit,
400 1033 465 1128 ulai
476 1034 658 1109 Helenam
671 1050 836 1111 moestam
848 1036 934 1111 allo·-

119 1156 207 1256 quio
229 1152 430 1257 mitigavit,
452 1152 547 1251 patri
564 1154 617 1229 rei
636 1168 742 1257 gestae
759 1154 935 1230 nuncium

36 1331 42 1348 t
120 1270 230 1345 misit.
254 1271 422 1347 Menelao
442 1288 636 1372 postquam
661 1273 699 1347 in
722 1272 813 1375 Pylo
837 1301 934 1348 nun-

121 1391 256 1465 ciatum
277 1406 462 1486 est‚‚cum
487 1392 643 1465 Nestore
663 1395 827 1490 Spartam
845 1420 935 1493 pro·

1 1610 5 1615 Δ
121 1508 237 1583 fectus
264 1524 340 1603 est,
368 1508 415 1583 ad
436 1510 755 1610 Agamemnonem
783 1512 934 1589 fratrem

122 1625 220 1705 misit
232 1630 373 1731 Argos,
388 1654 519 1731 rogans
532 1642 573 1704 ut
586 1627 632 1706 ad
646 1654 683 1707 se
696 1626 828 1707 veniat.

314 2341 317 2346 ’
383 2377 578 2451 carna
610 2379 686 2452 xa

180 2573 351 2643 Inranm
377 2570 583 2646 Alexander
603 2542 813 2668 adipatrem
836 2591 942 2641 sunm

132 2714 215 2764 cum
237 2687 355 2785 praeda
377 2688 562 2786 pervenit,
587 2701 622 2761 et
648 2687 701 2761 rei
718 2702 824 2789 gestae
845 2685 949 2762 ordi·-

131 2832 218 2878 nem
239 2805 362 2879 refert.
378 2805 542 2879 Priamus
554 2804 695 2908 gavisus
708 2821 780 2900 est,
798 2832 944 2904 spe-rans

130 2925 275 3008 Graecos
287 2946 408 3026 canssa
422 2922 714 3024 recuperationis
707 2924 879 3000 Helenoe
878 2949 946 2996 so

131 3069 253 3117 rorem
275 3020 476 3118 Hesionam
499 3042 723 3136 reddituros,
743 3057 779 3118 et
802 3068 944 3142 eaquae

136 3161 225 3235 inde
250 3190 270 3234 a
300 3161 487 3263 Trojanis
503 3161 747 3236 abstulerant.
765 3154 946 3234 Helenam

129 3294 294 3359 moestam
318 3277 521 3354 consolatus
542 3295 617 3373 est,
634 3295 669 3352 et
688 3304 769 3352 eam
792 3256 1001 3350 Alexan-

129 3395 196 3472 dro
220 3396 415 3499 conjugem
440 3397 576 3474 dedit:
568 3421 713 3497 ‹pu-am
744 3409 784 3474 at
810 3394 950 3495 aspexit
