2284 4000
188 247 257 338 ¹04
370 270 547 346 evenne
574 274 625 320 ne
651 245 816 336 'riurei
897 335 900 340 ,

183 381 374 474 omuibus,
385 397 423 456 et
440 383 488 455 ob
501 382 538 455 id
548 401 679 491 runata
695 385 978 486 impedientibus
986 395 1002 486 ,²

186 515 343 597 possent.
355 500 416 574 Ad
429 516 654 599 postremum
667 503 807 599 tamen,
821 507 859 578 hi
871 508 1002 607 quibus

185 619 223 690 in
242 645 283 690 ea
301 617 531 694 festinatione-
542 623 707 698 armandi
719 639 833 699 semet
848 639 1004 722 potestas

186 737 279 828 fuit,
299 738 506 813 confirmati
515 738 610 814 iuter
627 767 664 816 se
684 740 862 835 invicem,
876 741 1005 815 aeriter

188 855 307 930 hostes
323 855 522 930 incurrunt.
536 859 612 944 sed,
619 858 656 930 in
667 883 707 932 ea
717 887 839 961 pugna
851 859 1005 934 Protesi·

71 985 82 1008 '
188 973 288 1066 laus,
303 973 403 1072 eujus
415 973 514 1049 navis
524 975 816 1072 primaomniirm
828 991 929 1049 terrae
938 975 1004 1048 ad-

188 1107 385 1184 mouerat,
393 1091 1005 1191 interprimosbeflandO,adpostre-

189 1235 294 1282 mum
304 1211 375 1282 telo
387 1205 607 1283 AEneaeictus
614 1211 698 1284 ruit.
707 1209 882 1286 Occidere
896 1211 1005 1284 etiam

187 1329 265 1418 ‘duo
278 1327 412 1401 Priami
428 1326 490 1400 fili-i
505 1359 513 1400 ι
531 1354 650 1428 neque
663 1329 800 1430 reliqua
811 1329 1009 1402 'multitudo-

188 1462 342 1550 utraque
355 1475 398 1521 ex
407 1462 509 1546 parte
521 1446 628 1521 cladis
640 1447 716 1547 ejus
734 1473 859 1546 expers
867 1445 950 1520 fuit.
1010 1492 1013 1503 ‚

393 1656 396 1669 '
437 1651 632 1720 CAPUT
662 1651 767 1718 XII„

241 1809 440 1880 Ceruaria
457 1802 612 1877 Achilles
627 1781 768 1903 etAjax
777 1801 985 1876 Telamonis
991 1855 1007 1892 r

112 1921 117 1930 ’
195 1951 353 2024 quorum
382 1921 514 1996 virtute
544 1919 660 1994 Graeci
690 1920 977 1994 sustentabantur
993 1972 1009 2009 ,.

195 2072 327 2156 magna
342 2040 462 2143 gloria
479 2038 710 2131 dimicanteS,
732 2055 873 2113 metum
897 2035 1011 2109 hosti·

197 2158 516 2256 b11s‚fiducram
526 2184 598 2229 suus
613 2159 774 2231 effecere
789 2158 920 2255 Neque
933 2180 1008 2225 am

198 2278 290 2377 plius
311 2274 425 2350 resisti
446 2277 522 2375 jam
532 2276 641 2372 apud
661 2301 726 2347 eos
740 2288 905 2372 poterat,
923 2269 1010 2371 quia

197 2388 394 2527 paulatim
390 2392 669 2467 --decedenrthus
680 2389 736 2467 his
763 2415 853 2489 quos
879 2388 1009 2463 adver
1048 2438 1051 2443 -

200 2540 281 2586 sum
302 2527 441 2603 terant,
402 2512 504 2584 tad
520 2525 601 2609 post
603 2536 746 2583 remum
768 2505 887 2580 cuncti
908 2504 1012 2605 fugu-

200 2645 336 2732 rentur.
349 2635 392 2708 Ι
379 2646 412 2701 a
431 2629 544 2703 libero
568 2630 614 2701 ab
637 2626 797 2701 hostibus
816 2640 981 2729 tempere
999 2678 1011 2715 ,

200 2742 317 2823 Graeci
329 2748 517 2820 subductas
530 2773 659 2839 naves,
673 2760 781 2843 atque
793 2742 829 2813 in
847 2739 1013 2816 ordinem

204 2848 433 2967 compositae
429 2882 515 2937 tuto
529 2864 718 2938 collocant
731 2859 825 2947 Dein
840 2886 884 2931 ex
896 2857 1014 2931 omni·

203 2978 272 3079 hus
292 2984 470 3065 Achillem
492 2999 528 3055 et
547 2982 699 3080 Ajacem
727 2974 1014 3069 Tela-munium,

205 3130 419 3217 quorum
382 3102 515 3179 virtute
527 3097 686 3194 maxime
700 3095 889 3183 fidebant&
887 3108 1017 3170 rustu-

206 3210 269 3341 dee
281 3193 457 3322 diligruit:
476 3217 602 3319 hisque
619 3212 768 3286 tutelam
782 3209 946 3284 classium
962 3224 1019 3285 at·-

206 3309 326 3455 ,ciue
288 3320 466 3451 eremitas
482 3361 550 3438 per
558 3332 668 3411 latera
672 3345 803 3453 atque
807 3352 941 3411 cornua
956 3325 1022 3402 dis»
