2284 4000
184 284 252 367 186
367 314 540 364 coenae
568 279 622 359 n'n
649 306 804 358 ruore.

179 428 396 521 Cassandra,
421 424 607 502 vaticinari
634 424 762 523 eoepit,
787 412 1002 493 memorans

181 567 317 647 eaquae
338 561 421 620 ante
439 544 661 644 praedixerat.
685 546 806 645 Quam
831 538 1000 613 Priamus

182 662 337 737 abstrahi
366 679 402 739 et
427 663 563 739 includi
587 662 701 763 jussit.
738 665 998 765 Agamemnon

181 796 374 883 postquam
395 786 563 881 Spartam
591 780 714 876 venit,
739 781 891 853 fratrem
907 801 1003 855 con.-

183 900 314 975 solatus
325 918 400 996 est,
414 918 451 977 et
461 900 616 1002 placuit,
634 917 675 975 ut
689 927 758 1000 per
769 914 884 973 totam
895 892 1008 971 Gra-⁸

185 1018 276 1094 ciam
293 1019 525 1123 conquesturi
546 1018 777 1093 mitterentur
798 1016 848 1090 ad.
866 1012 1003 1090 convo·

186 1137 318 1214 candos
329 1140 493 1235 Graecos,
511 1154 548 1214 et
566 1136 735 1240 Trojanis
755 1134 891 1211 bellum
905 1132 1001 1207 indi-

120 1348 124 1352 ,
188 1258 355 1334 cendum.
367 1262 625 1335 Convenerunt
637 1272 757 1332 autem
774 1254 832 1329 hi:
848 1250 1008 1327 Achilles

83 1375 90 1384 '
190 1402 276 1451 cum
308 1378 495 1472 Patroclo,
524 1377 720 1481 Euryalus,
750 1372 1009 1473 Tlepolemus,

191 1493 398 1571 Diomedes.
429 1499 626 1598 Postquam
654 1498 820 1594 Spartam
847 1516 1011 1569 accesse-

193 1629 298 1709 runt,
328 1615 563 1693 decreverunt
584 1612 735 1716 injurias
757 1612 1008 1711 Troianorum
1082 1660 1090 1674 .

196 1732 382 1833 persequi,
405 1732 602 1809 exereitum
627 1748 663 1807 et
685 1730 832 1806 classem
857 1752 1011 1826 compa-

198 1876 290 1923 rare.
327 1850 646 1949 Agamemnonem
684 1846 943 1945 imperatorem
974 1860 1013 1920 et

201 1968 330 2043 ducem
347 1967 558 2066 praeficiunt.
576 1971 682 2044 Tunc
704 1966 841 2070 legatos
863 1966 1019 2042 mittunt
1084 1986 1087 1991 ·

202 2083 1017 2187 pertotamGraociam‚ntconvenianteumelas·

204 2207 300 2281 sibus
311 2222 346 2281 et
361 2205 572 2282 exercitibus
579 2205 696 2281 ornati
708 2203 841 2304 pariter
849 2206 894 2280 ad
902 2205 1016 2281 Athe-

142 2327 144 2333 ’
206 2323 856 2432 niensiumportum,undepariterad
865 2325 1017 2426 Trojam

207 2439 496 2537 proficiscantur,
513 2442 559 2515 ad
573 2441 815 2517 defendendas
828 2467 907 2516 suas
918 2441 1018 2544 inju-

207 2557 288 2632 rias.
311 2562 441 2636 Castor
464 2577 501 2637 et
523 2559 650 2635 Pollux¹
674 2559 712 2633 in
736 2561 889 2654 recenti,
918 2577 1020 2659 post-

209 2702 320 2776 quam
336 2681 526 2756 audierunt
544 2679 725 2756 Helenam
744 2705 906 2754 sororem
919 2707 1020 2754 suam
1040 2678 1044 2685 ’

210 2812 377 2893 raptam,
411 2827 541 2877 navem
573 2798 810 2877 ascenderunt
844 2814 879 2874 et
912 2805 1023 2875 secuti

212 2931 305 2988 sunt.
335 2917 453 2993 Lesbo
482 2917 603 2992 navim
632 2916 835 3010 solverunt,
866 2916 1025 2992 maxima

213 3048 428 3131 tempestate
456 3033 637 3133 correpti,
671 3061 851 3136 nusquam
878 3061 1028 3134 compa·

215 3168 390 3228 ruerunt:
406 3168 529 3251 postea
549 3152 688 3228 dictum
706 3170 777 3248 est,
796 3178 858 3228 eos
875 3152 1026 3228 immor-

216 3271 305 3346 tales
316 3272 446 3348 factos.
471 3276 598 3372 Itaque
618 3271 788 3368 Lesbios,
802 3272 952 3349 navibus
969 3297 1031 3348 eos

216 3417 331 3490 usque
350 3392 397 3466 ad
415 3393 568 3492 Trojam
589 3389 779 3493 quaesitum
802 3371 890 3488 isse,
914 3418 1033 3494 neque
