2284 4000
70 381 74 390 .
191 275 236 352 32
382 275 898 354 enrnnrnrrnottf'

190 426 335 508 nerent,
363 439 481 516 neque
510 417 748 494 resistendum
777 415 1013 516 popidarinm

191 529 1016 634 voluntati3soleomniumDeiphoboHecubae

193 674 336 725 assensn
364 682 372 723 :
397 678 508 752 quem
523 679 599 726 non
615 653 718 728 aliter
730 669 838 756 atque
852 653 1013 728 Alexan-
1108 733 1112 735 Δ

194 766 325 862 dmm,
343 767 492 844 Helenae
508 769 727 846 desiderium
743 787 876 847 areeto
893 770 1014 846 eonsi-

192 883 245 958 lio
265 884 516 986 praepediebat.
544 891 670 990 Itaque
694 915 809 990 quum
827 888 1014 963 obstinate

197 1003 350 1079 Hecuba
373 1031 469 1080 nunc
482 1003 689 1100 Priamum,
705 1006 820 1082 modo
840 1005 932 1080 filios
944 1005 1015 1080 de·
1140 992 1141 997 ἵ

196 1138 430 1222 precaretur,
456 1124 570 1208 modo
597 1123 790 1224 complexu
816 1125 894 1226 ejus
918 1122 1017 1197 nulla

198 1241 337 1316 ratione
353 1241 471 1318 divelli
486 1258 627 1342 posset,
645 1269 772 1319 omnes
791 1243 855 1344 qui
868 1243 1018 1319 aderant

154 1411 160 1420 x
200 1358 468 1436 involuntatem
477 1387 580 1437 suam
592 1359 802 1435 transduxit.
810 1364 864 1434 lta
876 1359 922 1436 ad
930 1385 1020 1461 pes·-

200 1494 362 1555 tremum
385 1478 524 1562 benum
550 1478 737 1580 publicum
755 1481 920 1556 materna
933 1505 1021 1582 gra-

203 1595 253 1672 tia
266 1602 478 1697 corruptum
491 1613 555 1674 eat.
577 1597 672 1676 Dein
695 1611 843 1698 postero
859 1595 918 1672 die
934 1598 1020 1672 Me-

204 1715 327 1792 nelaus
338 1743 422 1792 curn
439 1716 511 1792 suis
522 1716 560 1792 in
571 1713 785 1794 concionem
799 1713 918 1809 venit,
934 1739 1023 1790 con-

74 1937 78 1943 !
206 1835 352 1937 jugem,
378 1851 414 1910 et
428 1863 507 1939 quae
523 1862 610 1912 cum
633 1837 676 1911 ed
702 1834 850 1933 abrepta
877 1847 1022 1928 essent,

207 1969 384 2057 repetens.
401 1957 507 2033 Tune
514 1954 679 2036 Priamus
690 1951 1031 2058 interregdosme«

210 2074 289 2151 dius
297 2074 456 2171 adstans,
464 2074 560 2151 facto
572 2073 735 2168 silentio,
747 2072 935 2173 optionem
946 2074 1028 2154 Ide-

209 2195 317 2289 lenaa,
335 2223 413 2296 quae
426 2195 474 2269 ob
487 2193 525 2269 id
536 2194 575 2268 in
588 2208 782 2292 conspectu
796 2189 1027 2294 popularium

211 2328 380 2408 venerat,
397 2316 527 2407 offert,
550 2312 581 2386 si
602 2312 636 2385 ei
650 2310 853 2405 videretur,
873 2310 1028 2385 domum

214 2432 261 2508 ad
273 2458 355 2507 suos
369 2431 522 2536 regredi.
537 2432 659 2533 Quam
674 2429 795 2504 ferunt
806 2426 953 2521 dixisse,
964 2454 1037 2502 new

216 2580 287 2653 que
300 2579 337 2628 se
350 2552 389 2625 in
401 2550 555 2650 patriam
567 2546 711 2651 regredi
721 2546 811 2623 velle
819 2546 1033 2647 ,nequesibi

218 2697 302 2745 cum
315 2669 471 2746 Menelai
495 2666 732 2758 matrimonio
745 2665 950 2757 convenire.
978 2669 1032 2739 lta

219 2791 334 2893 reguli
347 2792 518 2865 habentes
532 2788 738 2882 Helenam,
757 2812 831 2861 non
847 2786 923 2860 sine
938 2782 1034 2859 exul-

220 2908 355 2985 tatione
372 2936 416 2985 ex
431 2907 605 2987 concione
622 2903 823 2986 discedunt.

478 3108 673 3187 ‚CAPUT
707 3106 781 3197 xi.

274 3268 350 3339 Hrs
371 3261 479 3355 actis,
505 3259 655 3364 Ulysses
680 3250 903 3333 contestandi
925 3248 1041 3353 magis

230 3382 362 3486 gratid,
377 3408 488 3493 quam
500 3377 635 3481 aliquid
648 3378 690 3454 ed
702 3372 865 3458 oratione
876 3368 1052 3473 prosum--
