2284 4000
204 325 268 400 132
385 320 564 401 uuonan
592 348 645 400 na
673 348 827 402 που.

199 572 202 583 ,
272 609 276 616 ‚
391 531 595 600 CAPUT
632 529 822 600 XXIII.
887 535 894 551 '

250 697 1016 805 Posrouanfinemloquendifecit‚magno
1049 795 1053 802 Δ

204 819 371 914 silentio,
391 817 549 914 cuncto,
571 836 612 892 ut
628 817 664 891 in
690 817 752 891 tali
767 814 914 918 negotio
938 811 1019 890 fieri

204 940 294 1013 solet
306 995 316 1031 ‚
329 937 481 1013 alienam
489 937 702 1013 sententiam
712 930 1018 1034 exspectantibus,

205 1055 1019 1159 quumsequisqueminusidoneumauctorem
1047 1157 1048 1160 Ἴ

206 1175 369 1249 crederet
375 1176 552 1267 ,Panthus
561 1174 655 1249 clara
662 1199 768 1248 voce:
785 1203 804 1242 n
819 1171 929 1269 Apud
937 1193 1019 1264 eos,

24 1385 31 1396 ἱ
97 1287 100 1291 ’
208 1321 231 1366 u
248 1290 727 1396 ait‚Ulysse,verhafacis‚
746 1289 1021 1390 quibuspraeter

210 1435 232 1482 n
251 1407 474 1511 voluntatem
487 1407 626 1482 mederi
639 1408 745 1482 rebus
757 1423 913 1505 potestas
926 1404 1021 1479 nulla

211 1555 234 1598 n
253 1543 319 1624 cst.
334 1558 352 1597 n
369 1526 462 1601 Dein
471 1542 554 1627 post
562 1554 647 1602 curn
660 1529 839 1601 Antenor.
854 1557 871 1595 a
886 1523 1035 1600 Omnia

211 1629 338 1749 aqua?
361 1660 563 1721 memorata
585 1673 605 1719 a
632 1644 732 1721 vobis
756 1660 857 1739 sunt,
874 1642 1023 1720 scientes

210 1795 233 1841 a
252 1766 518 1867 'prudentesque
527 1765 724 1864 patiemur:
735 1791 851 1865 neque
861 1762 1024 1866 uoluntas

211 1914 233 1958 »
254 1883 473 1977 consulendi
483 1883 642 1976 abest,
616 1910 644 1956 sr
669 1898 824 1983 potestas
847 1879 1025 1958 concede-

213 2032 236 2077 »
257 2019 367 2076 retur
391 2003 462 2078 Sed
481 2019 521 2077 ut
542 2002 690 2096 videtis,
707 2028 860 2077 summae
888 2028 939 2076 rer
930 1998 1024 2075 alii

198 2141 238 2207 'n
255 2116 466 2221 potiuntur,
479 2121 791 2223 quibuscupiditas
804 2102 1027 2221 utilitatepo

213 2241 327 2317 »tior
343 2253 406 2314 cot.
431 2272 449 2311 n
467 2243 559 2340 Quae
580 2240 643 2313 uhi
660 2239 843 2332 disseruit,
858 2265 945 2313 mox
958 2264 1026 2337 per

160 2347 162 2350 ⁵
214 2360 382 2433 ordinem
390 2358 661 2459 omnes‚qniob
670 2357 863 2433 amicitiam
873 2355 1027 2451 Priami,

214 2476 350 2579 quique
358 2476 701 2551 mercedeconducti
711 2476 917 2551 auxiliarem
925 2500 1028 2553 exere

214 2593 329 2669 citum
355 2595 549 2689 duxerant,
580 2593 758 2669 introduci
781 2594 893 2695 jubet.
914 2590 1028 2694 Queis

119 2779 121 2782 ,
214 2709 404 2812 ingressis,
416 2711 564 2813 Ulysses
577 2712 770 2788 secundam
785 2736 930 2785 exorsus
945 2735 1030 2785 ora·

213 2828 377 2930 tionem,
390 2831 631 2933 iniquissimos
639 2831 815 2931 appellare
824 2830 1028 2923 universos,

108 3005 112 3009 -
213 2975 335 3050 neque
361 2949 518 3049 dispares
541 2950 761 3025 Alexandri.
753 2948 909 3073 .quippe
926 2946 1029 3048 quia

213 3065 313 3144 bono
321 3068 543 3171 honestoque
551 3068 678 3167 elapsr
691 3082 874 3154 auctorem
883 3063 1032 3165 pessimi

213 3177 382 3262 facinoris
412 3204 659 3290 sequerentur.
697 3184 871 3289 Neque
861 3208 1033 3320 ignorare

215 3329 470 3405 quemquam,
496 3306 584 3405 quin
610 3306 744 3379 sitam
772 3320 875 3379 atrox
900 3300 1034 3403 injuria

213 3422 400 3520 probanda
415 3423 483 3521 sit,
498 3416 577 3504 fore
591 3425 644 3504 uti
659 3425 755 3505 malo
772 3422 939 3529 exemplo
953 3422 1031 3499 dis-
