2284 4000
200 266 268 360 184
386 290 561 343 ourani
588 281 822 343 vernoun

191 400 302 501 lisper
312 419 473 477 ntorntus
484 402 581 503 apud
592 403 837 502 peninsulam,
854 428 935 505 quae
947 429 1017 480 an·

107 516 112 537 ¹
191 519 344 621 seposita
367 520 500 597 civitati
520 522 719 597 continenti
742 521 820 623 ejus
839 508 1014 625 adjungi·

192 654 253 715 tur
257 668 270 728 ;
284 639 438 715 secunda
449 639 590 715 circiter
599 639 717 742 vigilia
727 642 906 744 ingressus
914 643 1013 715 Tro-

191 758 294 861 janos
313 784 475 857 campos,
495 757 739 860 explicitisque
762 757 925 834 tentoriis
940 758 1014 832 ibi-

194 876 568 977 dem'opperiebaturi
602 880 713 992 Quod
738 880 801 953 ubi
815 878 1015 953 Diomedes

194 1022 288 1087 cum
296 995 447 1098 Ulysse,
465 996 602 1099 vigilias
616 998 652 1071 in
670 1025 712 1073 ea
729 1012 830 1097 parte
847 1012 1014 1072 curantes

194 1112 320 1211 procul
349 1114 655 1209 animadvertere,
681 1114 749 1189 rati
781 1114 960 1215 ijanos
991 1142 1017 1188 a

169 1272 172 1276 ·
194 1232 340 1306 Priamo
362 1232 587 1331 exploratum
613 1234 759 1328 missos,
781 1234 931 1331 arreptis
953 1260 1015 1306 ar-

194 1347 264 1425 mis
275 1405 287 1443 ,
311 1376 398 1425 mox
414 1376 536 1449 presso
560 1352 675 1455 gradu
685 1352 1016 1449 circumspicientes
1069 1345 1074 1351 χ

196 1466 318 1543 omnia
336 1486 492 1571 pergunt
517 1472 666 1547 adeum
685 1471 819 1547 locum.
838 1473 938 1545 Tum
954 1470 1016 1545 fa·-

197 1588 314 1691 tigatis
331 1616 374 1663 ex
384 1588 511 1664 itinere
520 1590 747 1684 custodibus,
761 1606 797 1665 et
807 1591 855 1665 ob
867 1589 906 1662 id
913 1615 1015 1663 som·

196 1734 245 1783 no
259 1708 410 1807 prussia,
423 1717 642 1813 eosque,et,
655 1709 803 1785 interius
815 1708 1014 1811 progressi,

198 1828 236 1901 in
248 1828 331 1925 ipsis
347 1828 510 1904 tentoriis
527 1858 651 1933 regem
671 1828 900 1904 interficiunt.
918 1826 1016 1905 Dein

198 1943 286 2020 nihil
305 1946 398 2020 ultra
418 1946 624 2025 audendum
638 1947 726 2042 rati,
745 1974 893 2023 currum
912 1947 1014 2048 ejus,

200 2079 331 2140 etcum
345 2065 496 2167 egregiis
508 2065 706 2170 insignibus
723 2093 835 2168 equos
849 2065 895 2139 ad
907 2090 1015 2163 naves

201 2179 346 2255 ducunt.
370 2187 423 2256 lta
438 2183 618 2284 reliquum
643 2183 758 2259 noctis
774 2182 812 2256 in
829 2182 899 2256 suis
918 2181 1018 2282 quis-

171 2383 172 2386 ,
202 2298 273 2402 que
316 2293 551 2377 tabernaculis
597 2302 857 2404 requiescentes
895 2299 1018 2375 transi·

201 2437 308 2522 gunt.¹
333 2423 384 2496 At
409 2422 496 2497 lucis
519 2420 695 2522 principio
726 2421 882 2523 reliquos
902 2422 1016 2495 duces

144 2601 149 2612 ,.
205 2538 440 2632 conveniunt,
454 2567 515 2613 eos
530 2541 666 2614 facinus
679 2568 805 2614 ausum
821 2539 1017 2636 expletum·

124 2747 127 2760 y
205 2667 276 2756 que
291 2657 431 2730 docent.
447 2659 502 2733 Ac
524 2685 611 2732 mox
627 2658 694 2732 rati
710 2658 885 2732 Barbaros
895 2656 1016 2735 incen-

128 2831 133 2836 -
206 2801 262 2850 sos
281 2776 374 2878 caede
386 2774 482 2880 'regis
499 2778 636 2872 affore,
653 2778 781 2877 jubent
798 2801 924 2849 omues
948 2772 1015 2846 fre-

207 2908 355 2994 quentes
383 2894 479 2996 apud
505 2923 606 2970 arma
630 2922 759 2996 agere,
788 2890 1017 3007 opperirique

204 3012 359 3088 hostem.
401 3009 405 3018 ’
559 3007 563 3016 ’
754 3016 758 3022 ’
