2284 4000
253 328 416 381 nrvnr
455 301 781 409 nantarius.
848 300 921 378 235

109 458 204 542 quos
226 440 276 515 ob
298 439 469 517 virtutem
499 464 561 515 rex
585 464 711 515 secum
738 419 927 537 stipatores
951 466 955 474 ¹

110 555 304 651 habuerat,
322 555 553 659 conglobatos
567 554 662 631 inter
676 581 714 630 se
734 570 843 656 atque
856 582 928 630 .au·.

5 674 11 679 ’
110 699 172 749 sos
186 674 368 769 resistere,
386 673 520 775 partim
533 672 606 749 telo
626 671 767 747 eminus
786 673 925 769 fundit,

110 788 201 866 alios
216 816 324 867 curru
339 818 407 890 per
417 790 557 865 medios
576 788 717 865 concito
736 790 840 864 humi
858 792 929 865 ob‹

110 909 209 985 terit.
223 909 317 985 Dein
329 908 544 987 Idomeneus
560 907 721 983 adhibito
733 909 835 1009 equis
847 913 930 986 Me·

109 1025 234 1122 mone,
248 1029 446 1118 Acamanta
459 1026 642 1101 Thracum
653 1053 779 1129 regem
788 1026 928 1127 dejicit,

109 1144 303 1246 ruentique
312 1144 383 1221 telo
391 1145 564 1239 occurrit,
574 1141 927 1247 atqueirainterficin

98 1263 184 1343 ,Sed
195 1262 258 1337 ubi
272 1265 509 1339 Hector'situs
524 1264 561 1337 in
577 1279 676 1364 parte
688 1264 756 1339 alia
766 1320 779 1359 ‚
790 1265 930 1339 medios

100 1408 263 1463 ¹suorum
275 1382 378 1458 fundi
392 1383 539 1481 accipit,
553 1382 731 1481 dispositis
742 1384 825 1459 satis
835 1401 928 1460 stre-
982 1476 984 1481 Ι

110 1500 194 1601 nnis
210 1500 273 1573 uhi
290 1501 496 1602 pugnabat,
516 1500 669 1575 accurrit
681 1501 813 1575 anxilio
825 1502 930 1578 labo«

109 1617 478 1713 rantibus,Glaucum
488 1632 524 1691 et
532 1615 766 1717 Deiphobum
775 1635 811 1692 ct
819 1618 930 1721 Poly-

113 1737 281 1811 damam
313 1762 436 1812 secum
467 1736 614 1811 habens.
649 1738 730 1813 Nec
756 1737 929 1832 dubium,

113 1854 203 1955 quin
231 1854 389 1931 deletae
414 1851 593 1955 praedictis
615 1854 760 1957 regibus
785 1883 827 1931 ea
848 1882 931 1955 pars

99 1971 273 2054 ,hostium
301 1974 420 2068 foret,
447 1972 485 2048 ni
515 1972 672 2050 adventu
699 2003 765 2050 sno
791 1978 931 2053 Hector

113 2107 326 2190 nostrosque
340 2091 488 2165 ulterius
505 2095 696 2195 progredi,
714 2122 757 2170 ac
771 2121 853 2168 suos
864 2079 932 2169 'fu-

114 2235 202 2312 gere
241 2207 466 2283 cohibuisset.
506 2214 561 2286 lta
603 2213 718 2288 Graeci
758 2213 934 2312 prohibiti
1033 2295 1040 2301 ,

101 2325 210 2402 ¹caede
243 2324 488 2426 reliquorum,
522 2356 686 2428 represso
717 2332 834 2432 gradu
863 2332 930 2406 ad-

115 2467 262 2518 vorsum
296 2469 359 2552 eos
369 2499 383 2540 ‚
408 2444 472 2549 qui
494 2465 773 2550 supervenerant
796 2450 930 2528 consti-

115 2575 204 2638 tere.
473 2571 478 2578 ’
734 2553 738 2573 ’

387 2745 580 2814 CAPUT
610 2748 653 2815 V.

149 2913 218 2989 *Ac
245 2937 333 2988 mox
350 2917 496 3020 cognito
513 2941 580 3016 per
596 2917 803 2995 universum
822 2947 925 2997 erer-

113 3031 225 3108 citum
244 3030 398 3129 proelio,
417 3034 454 3108 in
479 3061 520 3109 ea
540 3052 642 3136 parte
667 3038 795 3139 reliqui
817 3040 926 3114 duces

98 3149 317 3226 ,confirmati
337 3150 400 3224 uhi
421 3153 571 3254 quisque
593 3171 833 3258 pugnaverat,
852 3186 924 3230 un·-

96 3265 223 3366 .dique
248 3293 292 3342 eo
323 3270 520 3344 confluunt.
546 3277 726 3350 Densatur
753 3273 923 3373 utrinque

112 3382 231 3482 ποίεε»
243 3399 279 3464 et
300 3385 469 3491 proelium
489 3406 703 3473 renovatum
726 3405 789 3466 cst.
809 3387 925 3492 Igiturr
