2284 4000
49 308 52 312 *
177 307 313 358 -ran
422 295 866 366 onaanrnnnnornl

236 403 1040 524 atqueincensacivitate,magnamiimpraedae

235 539 344 612 trahit
356 594 368 632 ,
394 538 574 612 abducens
596 541 826 614 Tecmessam
849 541 960 619 filiam
983 573 1039 620 re·

231 683 300 758 gis.

460 815 651 886 CAPUT
687 819 809 888 XIX.

277 992 419 1064 lomna
437 987 545 1061 ambo
561 987 668 1062 duces
685 988 806 1063 multis
823 990 963 1066 vastatis
979 1009 1034 1065 at-

227 1128 298 1210 qne
305 1101 514 1207 expugnatis
521 1104 726 1206 regionibus
734 1163 747 1200 ‚
761 1107 828 1204 ipsi
835 1107 919 1182 clari
927 1125 1032 1211 atque
1052 1126 1057 1129 “

224 1223 408 1325 magnifici
417 1222 555 1322 ingenti
567 1222 736 1316 nomine,
753 1251 819 1321 per
832 1222 967 1300 diversa
980 1226 1033 1300 lo-

223 1368 291 1434 ca,
311 1339 412 1440 quasi
433 1339 478 1413 de
499 1338 697 1432 industria,
715 1340 847 1414 eodem
868 1358 1044 1440 tempore·

221 1460 269 1532 ad
281 1457 476 1533 exercitum
489 1483 706 1547 remeavere.
722 1458 861 1532 Deinde
873 1487 1032 1557 perprae-
1045 1513 1048 1520 ι

220 1604 329 1660 eones
351 1574 535 1650 conductis
557 1574 596 1647 in
613 1561 728 1648 nnnm
748 1574 883 1648 cunetis
904 1575 1029 1646 militi·
1107 1669 1110 1673 .

132 1746 135 1751 ·
216 1695 308 1787 bus,
326 1692 568 1792 ducibusque,
584 1685 764 1792 progressi
782 1686 820 1760 in
836 1690 1027 1784 medium,

214 1812 346 1914 singuli
365 1812 553 1904 laborum,
577 1824 685 1906 atque
704 1805 884 1908 industriae
909 1808 1026 1883 docn-

214 1945 339 2016 menta
358 1927 403 2000 in
413 1941 609 2023 conspectu
630 1924 795 1998 omnium
812 1950 1021 2024 exposuere.

210 2050 303 2147 Quae
314 2042 498 2119 nbiGraeci
506 2039 812 2137 animadvertere,
826 2044 948 2119 favore
963 2043 1023 2117 in-

98 2156 103 2161 ’
142 2140 155 2167 ’
208 2160 312 2264 genti
321 2154 527 2231 aclaudibus
535 2155 780 2253 eosprosecnti
786 2156 1021 2257 ,mediosque
1065 2224 1068 2228 .

210 2290 403 2352 statuentes
425 2272 535 2347 ramis
556 2271 643 2347 oleae
667 2298 894 2348 coronavere.
927 2274 1023 2349 Dein'

208 2394 398 2494 eonsilium
410 2389 779 2489 dedividendapraeda
792 2390 914 2465 haberi
927 2398 1021 2491 eoe'p-
1133 2376 1134 2385 ἵ

208 2532 308 2607 tum,
324 2514 480 2587 Nestore
498 2526 534 2582 et
549 2510 746 2585 Idomeneo
762 2507 799 2581 in
818 2510 1020 2585 decernen-
1070 2502 1076 2517 ’

207 2633 257 2707 do
273 2626 418 2728 optimis
439 2625 654 2699 auctoribus.
663 2630 787 2725 ltaque
801 2644 1015 2703 cunctorum

206 2745 402 2838 sententia,
417 2772 465 2818 ex
480 2742 584 2818 omni
599 2744 717 2846 praeda
731 2742 841 2845 tinam
858 2746 1016 2821 Achilles
1069 2757 1072 2762 ’

204 2873 474 2965 apportaverat,
493 2876 680 2958 exceptam
703 2859 863 2937 Eetionis
883 2863 1015 2963 conju·-

205 3009 295 3087 gern·
305 2982 552 3079 Astynomen‚
564 3004 675 3076 quam
687 2977 817 3079 Chrysi
830 2977 1014 3081 filiamsu.

203 3129 271 3204 pra
287 3096 474 3200 docuimns
482 3150 495 3189 ,
508 3094 556 3167 01)
567 3094 743 3169 honorem
756 3096 898 3197 regium
912 3099 1014 3199 Aga·
1039 3138 1042 3145 ·

203 3212 393 3296 memnoni
416 3213 589 3287 obtulere,
616 3214 696 3309 Ipse
724 3212 832 3287 etiarn
855 3214 1014 3301 Achilles
1035 3270 1040 3275 -

204 3353 333 3440 praeter
347 3330 461 3412 Brisei
474 3330 585 3407 filiam
599 3318 908 3433 Hippodamiam,
923 3332 1015 3407 Dio-
