2284 4000
234 351 284 422 28
424 369 599 424 notare
625 371 681 420 nr
706 367 859 425 ruore.

233 483 341 587 digne
355 483 546 560 admissam
564 483 759 586 injuriam,
776 502 886 588 atque
898 487 937 561 in
952 484 1053 565 hunc

233 602 387 679 modum
398 601 516 676 multa
528 601 616 697 alia,
633 629 719 678 cum
733 604 973 680 exsecratione
987 633 1052 680 re·-

233 719 420 796 clamabat.
450 723 511 797 Ob
537 748 616 823 quae
648 720 852 798 Alexander
881 722 1053 823 cupidine

233 838 343 914 animi
354 867 533 941 praeceps,
551 840 685 917 veritus
697 840 845 943 nequid
859 841 1053 920 adversum

235 984 298 1033 sea
311 957 544 1058 popularibus
556 957 735 1052 oriretur,
744 957 893 1058 stipatus
905 959 1054 1034 amantis

99 1111 108 1130 ‘
213 1077 402 1165 ,fratribus
415 1077 595 1178 impetum
608 1077 645 1150 in
659 1076 928 1158 multitudinem
944 1077 1051 1174 facit,

234 1198 439 1299 mtdtosque
464 1197 678 1273 obtruncat:
699 1195 829 1297 reliqui
847 1195 1054 1273 interventu

233 1341 450 1416 procerum,
471 1314 590 1416 quiin
604 1313 756 1390 concilio
777 1313 943 1414 fuerant,
959 1312 1053 1390 duce

235 1433 431 1510 liberantur
450 1433 650 1508 Antenore.
674 1435 728 1506 lta
754 1430 896 1515 infectis
919 1431 1050 1526 rebus,

208 1552 390 1652 'populus
418 1542 643 1651 contemptui
666 1549 839 1645 habitus,
867 1575 944 1626 uon
973 1550 1051 1629 sine

237 1670 395 1780 pernicie
408 1673 492 1768 sul,
507 1670 662 1748 domum
673 1666 834 1746 discedit.

493 1975 685 2046 CAPUT
720 1973 821 2049 lx.

673 2055 678 2068 Ι

286 2158 391 2233 Dnrn
405 2152 524 2231 secuti
536 2152 594 2227 die
606 2177 669 2226 rex
681 2152 826 2224 hortatu
833 2145 995 2223 Hecubae
1004 2145 1052 2223 ad

233 2276 419 2367 Helenam
430 2271 525 2365 adit,
544 2296 696 2370 eamque
712 2266 867 2371 benigne
880 2264 1054 2358 salutans,
1114 2318 1117 2324 .

240 2395 403 2471 animum
440 2391 580 2465 bonum
617 2386 670 2462 uti
704 2400 846 2490 gereret
869 2382 1050 2471 hortatum

241 2515 321 2616 quae
344 2513 518 2612 cujusque
541 2523 654 2601 esset,
678 2504 842 2607 requirit.
875 2506 974 2587 Tum
994 2500 1054 2574 illa
1135 2577 1136 2614 q

241 2627 480 2714 Alexandrise
489 2626 647 2704 adfinem
655 2622 840 2724 respondit
845 2619 1056 2723 ,magisque

139 2825 142 2829 .
241 2752 288 2829 ad
298 2748 486 2825 Priamum
502 2760 538 2821 et
550 2744 745 2821 Hecubam
752 2798 765 2838 ‚
780 2768 892 2844 quam
903 2739 950 2813 ad
962 2736 1056 2832 Plis-
1133 2777 1134 2822 2

241 2868 357 2945 thenis
369 2861 782 2967 filiosgenerepertinere
788 2854 1058 2961 ,repetensori-

242 2988 365 3093 ginem
386 3010 536 3060 omnem
560 2982 754 3082 majorum.
774 2983 942 3054 Danaum
955 2973 1055 3049 enim
1131 2971 1132 3028 ἶ

241 3124 351 3209 atque
363 3102 595 3208 Agenorem,
608 3114 645 3177 et
656 3098 712 3175 sui
723 3114 760 3173 et
770 3095 904 3171 Priami
915 3091 1058 3197 generis

239 3242 404 3308 auctores
424 3250 511 3299 esse.
528 3223 700 3321 Namque
714 3245 758 3293 ex
773 3216 920 3293 Pleionl
940 3209 1057 3287 Danai

240 3348 313 3423 filit
340 3361 376 3419 et
400 3343 567 3436 Atlante,
583 3340 762 3417 Electram
775 3346 923 3428 natam,'
944 3358 1057 3435 quam

144 3529 147 3535 ,
243 3491 287 3538 ex
296 3468 386 3540 Jove
399 3458 584 3563 gravidam
597 3457 805 3533 Dardanum
820 3450 983 3555 genuisse
989 3475 1060 3544 ,ex
