2284 4000
228 328 296 419 124
404 347 586 422 nunnae
613 349 666 398 nu
693 339 855 400 ruore<

222 460 325 546 dictis
337 458 442 557 capit.
463 462 588 561 Itaque
601 459 772 536 habentes
790 460 1038 564 Polydorum,

220 576 268 652 ad
281 575 629 676 Trojanosveniunt.
649 578 721 656 Sed
732 578 795 652 ubi
808 577 1037 654 ammadver-

220 712 297 770 tere
309 693 661 793 populares,electos
668 724 731 790 ,ac
741 697 866 798 magni
877 694 1035 771 nominis

207 812 316 888 uiros
334 812 539 892 adventasse
550 839 735 912 ,propere
756 841 857 888 senes
879 839 1034 908 omnes,

221 956 379 1033 quorum
404 931 592 1007 consilium
618 931 742 1005 haberi
770 930 913 1007 solitum
930 947 1033 1028 erat,

188 1142 198 1149 ⁴.
219 1049 259 1124 in
281 1076 396 1122 unum
421 1049 585 1142 ducunt,
605 1021 783 1121 Priamo
779 1076 800 1120 a
825 1047 905 1121 filiis
930 986 1033 1122 domi

221 1182 338 1244 retent
339 1193 373 1246 ο
387 1166 503 1269 Igitur
518 1105 664 1268 reliquis
680 1166 912 1266 praesentibus
927 1167 1034 1241 Grae-

220 1313 349 1364 corum
375 1284 560 1360 Menelaus
587 1285 695 1361 verba
721 1284 807 1360 facit
835 1314 843 1356 ε
869 1287 1033 1360 Secundo

221 1402 297 1504 jam
310 1428 347 1476 se
364 1402 413 1476 ob
425 1402 592 1478 eamdem
608 1427 750 1477 cnusmu
768 1399 931 1496 venisse,
949 1429 1033 1477 cum

222 1519 336 1609 multa
353 1520 421 1597 alia
438 1520 628 1596 adversum
642 1545 679 1594 se
692 1520 917 1620 domumque
931 1541 1033 1606 suam

222 1636 398 1742 admissa,
419 1652 499 1711 tum
523 1629 660 1740 magno
687 1663 773 1714 cum
793 1635 932 1739 gemitu
950 1636 1033 1716 filiae

221 1756 414 1832 orbitatem
439 1781 506 1853 per
529 1753 728 1834 absentiam
759 1754 923 1857 conjugis
949 1775 1035 1830 con·-

222 1871 351 1974 queri:
366 1897 450 1971 quae
462 1886 589 1946 cuncta
603 1873 649 1946 ab
662 1871 780 1947 amico
799 1870 983 1972 quondam
999 1886 1035 1947 et

111 2028 115 2031 ·
223 1988 392 2088 hospite,
410 2014 487 2063 non
506 1990 705 2067 secundum
729 1989 903 2065 meritum
927 2018 1033 2066 suum
1077 2016 1079 2021 ·

223 2107 392 2185 evenisse.
407 2110 459 2182 Ea
469 2107 627 2183 seniores
638 2107 894 2185 lamentatione
905 2109 1036 2189 immo-

223 2227 302 2303 dica
316 2253 401 2302 cum
418 2224 586 2329 lacrymis
604 2224 839 2325 accipientes,
852 2227 898 2301 ad
912 2226 1034 2306 omnia

221 2370 304 2447 quae
322 2344 368 2419 ab
384 2370 428 2419 eo
445 2343 674 2439 dicebantur,
692 2360 864 2447 tanquam
886 2344 1031 2447 injuriae
1137 2390 1138 2441 t

218 2464 295 2567 ejus
303 2462 515 2566 participes,
528 2490 699 2547 annuere.

442 2662 644 2765 carus
677 2663 804 2735 xxc

263 2816 365 2888 Posr
381 2840 460 2915 quae
478 2814 627 2917 Ulysses
644 2814 785 2889 medius
797 2812 938 2901 adstans
958 2813 1029 2888 hu-

213 2932 415 3034 juscemodi
423 2934 624 3007 orationem
641 2931 774 3007 habult.
793 2963 812 3003 «
828 2932 947 3009 Credo
960 2958 1031 3034 ego

152 3110 158 3119 .
188 3084 232 3137 ,n
249 3077 339 3144 vos,
354 3049 505 3150 Trojani
528 3049 730 3151 principes,
753 3051 837 3125 satis
860 3076 1028 3149 comper-

213 3202 232 3244 u
248 3187 332 3245 tum
344 3168 603 3261 habere,uihil
613 3165 749 3244 temere
758 3166 1027 3263 Graecos,nibil
1133 3220 1134 3241 2

211 3320 230 3365 n
249 3285 494 3363 inconsultum
507 3285 666 3385 incipere
679 3284 793 3362 solere
798 3315 811 3377 ς
829 3314 870 3361 ac
882 3288 1029 3383 semper
1133 3288 1134 3313 ¹

210 3438 228 3477 n
257 3407 310 3488 his
322 3407 397 3508 jam
408 3404 721 3507 tumamajoribus
727 3404 913 3510 provisum
922 3394 1030 3509 atque
