2284 4000
209 288 255 370 92
389 292 574 348 suanae
601 295 658 349 nn
683 275 847 354 raeiri

110 440 113 444 ι
210 403 316 594 gillius
333 431 461 506 pacem
472 461 487 504 ,
504 409 905 515 concordiamquecum
921 405 1028 492 Telo
1133 415 1134 438 ³

211 546 297 620 ro·
495 568 498 577 =
674 547 676 553 “
1134 547 1135 550 ‘

460 1045 667 1126 citur
700 1045 771 1127 Vl.

224 1307 228 1316 Ι
261 1215 434 1324 Qneubi
445 1249 628 1324 accepere,
639 1241 851 1325 apparatum
860 1219 943 1300 belli
953 1217 1022 1300 laeti

214 1338 397 1432 omittunt.
410 1341 504 1415 Dein
517 1369 561 1416 ex
573 1341 709 1417 consilii
719 1341 892 1418 sententia
904 1341 1024 1444 Achil-

211 1451 264 1530 les
284 1484 368 1533 cum
389 1451 500 1559 Ajace
520 1457 567 1530 ad
585 1456 788 1558 Telephum
809 1467 1024 1558 pervenere,

147 1563 153 1573 ⁶
215 1599 373 1676 eumque
391 1567 565 1676 jactatum
584 1572 726 1676 magnis
745 1567 928 1650 doloribus
943 1595 1027 1650 eon·

216 1685 344 1787 solati,
364 1708 405 1766 ut
425 1683 573 1769 viriliter
593 1682 868 1766 incommodum
889 1692 1026 1787 ferret,
1071 1755 1075 1760 .

217 1809 464 1908 deprecantur.
490 1811 541 1886 At
558 1806 765 1906 Telephus,
785 1807 849 1881 ulai
863 1808 1028 1910 aliquan-
1107 1891 1109 1896 ,

218 1942 298 2028 tum
310 1925 596 2032 requies-doloris
607 1925 873 2021 intercesserat,
885 1928 1028 2005 Graecos

219 2045 406 2149 incusare,
429 2049 529 2153 quod
549 2074 596 2123 ne
614 2045 782 2123 nuntium
804 2042 951 2146 quidem
965 2044 1029 2119 ad-

220 2182 345 2241 ventus
361 2167 416 2240 sui
434 2165 697 2265 praemisissent.
722 2164 815 2239 Dein
837 2179 1032 2263 perconta-¹

221 2296 305 2376 tur,
324 2283 498 2385 quinam,
518 2299 554 2359 et
579 2282 705 2383 quanti
726 2279 902 2379 Pelopidae
926 2280 964 2354 in
988 2308 1029 2356 ea

220 2400 348 2476 militia
372 2417 516 2477 essent:
542 2401 741 2501 doctusque
765 2398 887 2472 multis
910 2397 1030 2498 preci-

223 2518 292 2595 bus
307 2536 410 2615 orat,
428 2535 470 2594 ut
489 2520 533 2595 ad
556 2546 595 2594 se
614 2542 741 2593 omnes
758 2516 913 2592 veniant.
932 2520 1030 2593 Tum

224 2636 338 2711 nostri
360 2634 518 2712 facturos
542 2661 583 2710 se
616 2662 695 2737 quae
722 2632 828 2709 vellet
855 2632 1033 2731 polliciti,

225 2754 442 2830 desiderium
455 2753 548 2855 regis
561 2751 707 2855 reliquis
724 2749 949 2827 nunciavere.
967 2752 1036 2855 lgi-

225 2886 286 2948 tur
300 2853 427 2949 olunes
436 2871 636 2971 Pelopidae,
649 2887 777 2971 praeter
790 2871 1036 2973 Agamemno

226 3016 312 3068 nem
329 3007 365 3066 et
382 2990 616 3084 Menelaum,
640 2989 677 3063 in
698 3016 815 3062 unum
828 2986 1036 3090 congregati

228 3110 274 3183 ad
294 3107 497 3207 Telephum
518 3107 691 3201 veniunt,
706 3108 936 3208 multumque
953 3134 1039 3208 gra-

229 3224 408 3301 tulationis
424 3240 532 3326 atque
550 3223 676 3300 laetitiae
688 3224 874 3323 praesentia
887 3251 950 3297 sua
962 3222 1039 3326 regi

161 3339 169 3357 ⁸
229 3340 393 3442 obtulere
415 3369 424 3412 :
445 3366 487 3416 ae
508 3338 639 3417 deinde
664 3340 1043 3444 muneribuslargiter
