2284 4000
165 225 230 296 182
349 249 521 296 enrnnn
551 249 606 294 ne
634 246 790 296 n-*noira

429 547 623 654 cnlrnr
659 549 707 615 x.

209 717 271 790 Ar
289 741 374 792 vero
393 717 533 792 Helena
548 717 705 794 Menelai
726 743 839 812 uxor,
858 741 978 820 quum

163 831 367 908 Alexander
382 833 420 907 in
437 835 551 908 insula
572 837 753 938 Cytherea
767 851 880 928 esset,
901 834 979 933 pla·

164 950 237 1026 cuit
252 951 285 1026 ei
299 979 343 1026 eo
360 953 423 1028 ire.
439 957 521 1055 Qua
534 955 579 1028 de
592 981 714 1028 caussa
727 954 772 1028 ad
785 954 883 1058 littus
894 979 994 1051 pro*-

163 1069 267 1144 cessit
286 1071 349 1146 ubi
366 1071 488 1148 Dianae
508 1085 544 1146 et
559 1071 736 1170 Apollinis
753 1073 880 1146 fanum
898 1087 951 1145 est
967 1101 982 1142 ε,

164 1186 215 1262 ibi
230 1218 307 1263 rem
324 1190 481 1265 divinam
498 1191 640 1266 Helena
658 1191 775 1266 facere
791 1191 978 1290 disposue-

165 1323 234 1380 rat.
249 1309 359 1406 Quod
372 1308 433 1381 ubi
451 1307 662 1384 nunciatum
679 1324 732 1382 est
747 1307 954 1382 Alexandro
965 1365 983 1402 r

167 1424 348 1500 Helenam
368 1426 414 1499 nd
432 1439 533 1502 mare
552 1426 710 1520 venisse,
728 1426 890 1501 conscius
906 1425 986 1500 for·

58 1623 63 1626 ,
166 1569 235 1616 mae
249 1543 389 1637 suae,in
402 1560 596 1644 conspectu
612 1544 691 1645 ejus
707 1542 893 1617 ambulare
906 1571 984 1618 ene*
1033 1566 1038 1570 “
1116 1556 1121 1564 “

166 1659 243 1758 pit,
257 1662 405 1760 cupiens
418 1689 498 1737 eam
516 1661 650 1738 ridere.
666 1659 817 1736 Helenae
835 1660 985 1736 nuncia-

145 1782 147 1786 ’
167 1794 247 1852 tum
262 1796 314 1855 est
324 1833 339 1866 ,
353 1780 598 1856 Alexandrum
611 1780 745 1855 Priami
756 1780 851 1882 regis
865 1779 981 1854 lilium

168 1897 214 1970 ad
231 1898 431 1996 oppidum,
457 1900 519 1974 ubi
544 1901 687 1976 Helena
711 1915 808 1994 erat,
830 1899 983 1975 venisse.

168 2018 290 2117 Quem
322 2017 431 2093 etiam
463 2018 538 2119 ipsa
569 2019 691 2097 videre
721 2019 899 2118 cupiebat.
934 2022 982 2093 Er

169 2164 283 2238 quum
301 2164 337 2211 se
352 2139 496 2239 utrique
509 2139 764 2237 respexissent,
778 2138 888 2211 ambo
900 2138 983 2211 for·

169 2282 230 2329 ma
242 2282 305 2333 sua
318 2256 452 2331 incensi
460 2314 473 2351 ‚
495 2272 638 2355 tempus
653 2258 829 2331 dederunt
843 2271 884 2329 ut
897 2282 983 2358 gra-

171 2374 237 2446 tias
251 2373 440 2467 referrent.¹
453 2376 656 2451 Alexander
665 2376 821 2475 imperat
828 2432 841 2469 ‚
854 2391 987 2449 omnes
1068 2397 1071 2401 ·

170 2507 212 2565 ut
227 2492 264 2565 in
286 2492 434 2569 navibus
452 2493 522 2567 sim
542 2495 685 2594 parati,
712 2511 818 2587 nocte
834 2494 986 2570 classem

71 2628 78 2638 “
171 2610 329 2705 solvant,
352 2612 395 2687 de
419 2612 503 2687 fano
527 2612 710 2689 Helenam
732 2614 903 2713 eripiant,
925 2640 985 2687 se-

172 2750 353 2803 cumseam
371 2732 546 2807 auferant.
565 2731 676 2833 Signo
687 2732 772 2805 dato
788 2730 916 2804 fanum
928 2730 986 2803 in-

171 2864 359 2943 vaserunt,
381 2849 562 2925 Helenam
578 2848 786 2927 inviolatam
805 2848 986 2949 eripiunt,

174 2966 211 3041 in
229 2995 358 3043 navem
382 2969 572 3063 deferunt,
592 2985 628 3043 et
650 2997 735 3044 eum
757 2996 798 3043 ea
816 2968 986 3043 mulieres

175 3085 309 3186 aliquas
352 3088 613 3187 depraedantur.
658 3088 769 3189 Quod
812 3085 988 3186 oppidani

176 3232 291 3305 quum
317 3204 508 3299 vidissent,
533 3206 596 3279 diu
620 3221 872 3309 pugnaverunt
901 3232 986 3279 cum

176 3322 404 3419 Menandre,
427 3352 472 3399 ne
490 3323 671 3401 Helenam
696 3326 836 3425 eripere
857 3339 993 3422 posset.
