2284 4000
293 306 459 358 rivas
498 271 756 356 ananiam
886 273 933 351 55

112 431 417 520 rus‚cunctaqure
428 419 473 493 ab
490 419 694 494 Alexandro
702 431 827 494 contra
835 418 935 494 Grae·

112 531 208 606 ciam
217 532 364 636 indigne
372 535 562 612 commissa
570 532 935 630 essent,retexuit.0b

114 675 197 750 quae
208 649 384 726 ultionem
397 653 497 730 brevi
510 669 657 728 testatus
666 669 729 728 est.
743 653 836 728 Dein
850 653 935 726 Mc-

116 767 243 842 nelaus
266 769 319 844 ira
334 771 498 870 percitus
506 773 529 866 ,‘
542 773 654 846 atroci
668 772 769 849 vultu
785 770 936 846 exitium

117 885 302 983 minatus,
324 889 516 965 concilium
530 889 690 964 dimittit.
711 891 799 992 Quae
811 887 875 962 ubi
890 887 937 960 ad

118 1003 320 1080 Priamidas
332 1007 468 1106 perlata
480 1024 586 1102 sunt,
609 1007 825 1086 confirmant
846 1005 940 1080 iuter

120 1146 162 1195 se
181 1121 297 1218 clam,
314 1123 368 1198 uti
395 1152 461 1226 per
475 1125 601 1200 dolum
628 1124 764 1226 legatos
781 1121 940 1200 circum-

122 1240 281 1315 veniant.
312 1242 517 1318 Credebant
543 1243 707 1346 quippe,
736 1242 838 1345 quod
866 1268 941 1317 non

122 1355 258 1433 frustra
282 1387 344 1435 eos
369 1361 492 1437 habuit
503 1418 516 1457 ,
542 1361 576 1435 si'
595 1360 702 1463 legati
727 1360 941 1459 imperfecto

125 1478 277 1580 negotio
294 1481 544 1574 revertissent,
568 1471 648 1554 fore
673 1479 728 1552 nti
752 1479 945 1556 adversum

127 1621 167 1672 se
193 1596 329 1700 grande
357 1597 525 1697 proelium
555 1597 805 1672 concitaretur.
831 1595 947 1698 Igitur

130 1717 317 1811 Antenor,
343 1716 445 1818 cujus
463 1715 508 1790 de
531 1714 714 1789 sanctitate
729 1740 877 1788 morum
889 1740 948 1788 su-

132 1859 199 1933 pra
211 1834 495 1912 memoravimus
510 1892 523 1930 ,
554 1833 740 1908 Priamum
755 1831 949 1926 convenit,

132 1952 495 2055 conjurationemque
521 1953 654 2029 factam
683 1949 945 2052 conqueritur:

132 2069 229 2145 filios
246 2069 380 2172 quippe
397 2072 474 2173 ejus
486 2097 561 2145 non
571 2068 723 2171 legatis,
740 2069 802 2143 sed
819 2068 948 2144 adver-

132 2214 195 2265 sus
212 2215 249 2265 se
264 2190 407 2265 insidias
419 2216 545 2289 parare
560 2220 569 2261 ι
588 2215 708 2290 neque
720 2188 758 2260 id
771 2214 808 2264 se
823 2212 949 2285 passu-

5 2304 6 2307 ¹
136 2334 233 2384 rum.
264 2309 358 2383 Dein
388 2336 463 2385 non
486 2308 603 2382 multo
625 2324 708 2406 post
731 2306 855 2408 legatis
871 2333 951 2380 rem

137 2425 265 2524 aperit.
288 2431 341 2501 lta
367 2425 567 2527 exploratis.
581 2424 749 2499 omnibus
760 2479 772 2518 ,
793 2421 952 2503 adhibito

139 2542 329 2642 praesidio,
358 2572 473 2647 quum
508 2543 672 2643 primum
700 2554 953 2639 ,opportunum

137 2660 256 2743 visum
271 2678 345 2761 est,
361 2662 549 2753 inviolatos
562 2686 624 2739 eos
636 2658 796 2736 dimittit.

386 3091 582 3195 cnrur
608 3084 725 3184 xrs

195 3246 288 3320 Dun
306 3242 382 3319 haec·
400 3244 496 3343 apud
512 3242 666 3344 Trojam
681 3252 860 3343 agimtur,
881 3232 957 3309 dis-
1025 3341 1027 3348 ,

139 3362 316 3444 seminati
329 3364 404 3465 jam
417 3388 484 3465 per
500 3362 705 3442 universam
716 3354 893 3437 Graeciam
905 3352 979 3426 fa„
