2284 4000
228 293 288 384 ²4·
401 284 591 376 'currunt
618 313 674 365 nr
700 298 859 369 raorrl

232 455 252 498 n
264 425 384 502 absit:
407 427 566 502 maxime
587 452 704 528 quum
728 428 820 505 fieri·
835 427 970 529 possit,
992 433 1048 506 uti

231 575 252 616 n
268 571 347 646 quae
369 545 560 620 criminose
583 545 725 646 objecta
741 562 853 642 sunt,
882 550 1067 670 Eraesenti‘

232 661 481 739 »refutatione
498 663 725 739 diluantur.»
747 667 839 742 Haec
856 681 966 767 atque
979 666 1048 742 alia

230 779 438 880 hujusmodl
461 781 639 876 inferens,
656 779 793 859 differri
810 781 976 884 querelas
999 783 1049 860 ad

119 957 135 964 -
230 898 424 975 adventurn
433 898 629 976 Alexandri
635 899 750 1001 jubet.
762 901 917 977 Videbat
927 901 1051 998 enim,’

230 1031 272 1092 ut
283 1015 432 1120 singuli,
448 1017 513 1118 qui
527 1017 565 1091 in
574 1017 783 1094 eo'concilio
795 1019 944 1096 aderant
952 1074 966 1114 ,
978 1021 1047 1094 Pa-

183 1127 186 1130 *
229 1133 379 1211 lumedis
406 1135 567 1212 oratione
596 1151 830 1212 moverentur
837 1166 850 1227 3
875 1153 918 1210 ut
947 1137 1048 1213 taciti

159 1315 161 1317 -
230 1254 331 1334 vultu
342 1259 463 1331 tamen
476 1255 674 1329 adinissum
683 1253 821 1329 facinus
832 1253 1051 1331 condemna·

230 1388 311 1450 rent
317 1403 329 1464 3
346 1377 460 1474 quum
474 1372 614 1474 singula
625 1371 721 1446 miro
733 1399 864 1474 genere
876 1373 1050 1449 orationis

197 1536 204 1550 ·
231 1505 517 1590 exponerentur,
543 1502 652 1590 atque
682 1487 722 1562 in
737 1488 1049 1566 sermoneGraeci

231 1610 325 1710 regr's
349 1607 478 1682 inesset
501 1605 667 1708 quedam
690 1608 869 1706 permixta
893 1605 1049 1682 misera-

230 1724 337 1802 tionis‘
349 1725 412 1802 vis.
431 1727 552 1827 Atque
565 1723 669 1800 itaeo
682 1722 740 1800 die
753 1723 945 1801 concilium
954 1724 1054 1799 diri--

230 1844 354 1920 mitur
375 1842 445 1920 Sed
466 1841 602 1944 legatos
619 1843 805 1936 Antenor,
817 1841 874 1925 vir
885 1841 1052 1941 hospita·

231 1961 296 2058 lis,
316 1977 351 2037 et
360 1974 488 2061 praeter
500 1975 645 2037 caeteros
657 1959 745 2035 boni
752 1956 1047 2063 honestiqueseu

232 2086 347 2179 tator,
360 2079 512 2183 domum
526 2077 572 2156 ad
588 2103 628 2159 se
645 2076 804 2163 volentes
820 2077 976 2163 deducit

472 2546 669 2671 cnrur
701 2586 796 2661 vu.

98 2882 100 2887 .
232 2788 1042 2901 ·Irrrurrrpaucispostdiebus‚Alexander

231 2918 531 3018 tumeupradictis
541 2916 732 2995 comitibus
739 2909 1044 3008 venit,Helenam

116 3076 118 3084 ·
231 3054 354 3116 recum
369 3036 514 3112 habens.
529 3036 642 3138 Cujus
651 3034 809 3110 adventu
821 3028 860 3103 in
873 3028 948 3101 tota
960 3021 1045 3101 civi·

230 3173 426 3261 tutequum
434 3144 1045 3256 pertimeremplumfacinorisexe·

229 3292 437 3371 urerentur,
460 3274 519 3351 alii
532 3273 679 3376 injurias'
696 3270 736 3343 in
752 3265 961 3344 Menelaum
976 3260 1046 3335 ad·'

232 3396 355 3473 missas
364 3394 528 3474 dolerent
533 3391 655 3491 ‚nullo
667 3388 834 3468 omnium
843 3382 1049 3486 adproban-
1133 3377 1135 3492 l
