2284 4000
203 286 271 358 136
375 307 558 361 cuntur
588 309 640 364 nn
666 296 825 359 unorn'

198 421 281 529 luat,
294 422 323 498 si
336 422 536 526 Polydorus
548 422 760 498 redderetur
778 450 786 492 :
803 433 1012 520 postremo,

198 541 371 619 eumdem
397 569 518 618 casum
539 556 648 642 atque
672 539 810 616 exitum
819 536 1012 640 ,utriusque

198 658 484 735 custodiendum.
520 660 726 736 Adversum
744 682 854 762 quae,
875 657 1013 734 cunctis

198 775 405 872 silentibus,
420 780 587 853 Antenor
602 777 789 870 resistere,
807 803 849 852 ac
862 802 909 852 ne
922 774 1012 878 quid
1072 776 1075 780 ’

198 891 407 996 hujusmodi
415 895 685 987 decerneretur,
697 891 1011 996 magnavirepug·

107 1041 110 1046 ’
197 1038 296 1122 nare.
310 1013 379 1088 Sed
391 1029 584 1115 postquam
605 1011 780 1106 invicem,
793 1011 907 1084 multi
922 1038 1014 1086 con·

197 1145 341 1229 sumpta
350 1130 513 1206 oratione
520 1187 532 1224 ,
547 1143 730 1206 certamen
740 1154 867 1205 eorum
875 1129 921 1201 ad
929 1155 1011 1202 ma-

197 1275 265 1320 nus
282 1264 522 1346 processerat,
536 1265 663 1333 omnes
686 1246 748 1348 qui
769 1247 915 1323 aderant
924 1304 937 1339 ,
950 1245 1010 1320 in-

197 1365 362 1466 quietum
379 1395 421 1442 ac
433 1365 642 1440 seditiosum
657 1365 917 1442 Antimachum
928 1392 1011 1467 pro·

197 1483 405 1561 nunciantes
417 1542 430 1582 ,
444 1512 464 1560 e
478 1485 576 1560 curia
589 1485 740 1588 ejecere.

411 1631 617 1753 canor
653 1683 795 1754 xxv.

139 1896 141 1900 -
246 1836 321 1911 San
342 1831 406 1907 ubi
422 1831 613 1917 Priamidae
634 1831 783 1936 ingressi
796 1845 878 1906 sunt
889 1887 902 1927 ,
922 1831 1010 1904 Pan-

199 1950 281 2027 thus
300 1956 499 2029 Hectorem
525 1953 740 2047 obsecrans,
757 1977 842 2025 nam
868 1952 897 2025 is
917 1946 1011 2025 inter

198 2070 342 2172 regulos
358 2098 443 2145 cum
459 2070 611 2165 virtute,
632 2087 710 2145 tum
729 2070 876 2147 consilio
893 2070 1010 2143 bonus

199 2189 431 2284 credebatur,
445 2190 604 2284 hortari,
618 2190 670 2263 uti
683 2190 823 2265 Helena
835 2218 931 2265 nunc
945 2211 1010 2287 po·

199 2306 400 2403 tissimum,
413 2336 528 2410 quum
535 2308 655 2384 Graeci
665 2308 841 2407 supplices
856 2308 904 2381 ob
917 2308 1011 2382 hanc

199 2449 344 2519 causam
357 2425 551 2520 venissent,
567 2454 651 2501 cum
666 2424 823 2500 amicitia
838 2425 1010 2499 reddere-

199 2543 1011 2645 turznequeparumAlexandroadexplendum

80 2675 83 2680 ⁴
199 2660 1013 2765 amorem,siquemcircaHelenamhabuerat,

199 2778 1012 2882 transactum.Quocircaversarianteomnium
1040 2814 1044 2821 ·

200 2896 900 3003 oculosopporterepraesentiamregum
908 2898 1013 2971 Grae-

200 3041 353 3111 corum,
369 3043 567 3117 eorumque
585 3016 677 3091 facta
688 3018 819 3121 fortia,
835 3043 876 3091 ac
889 3039 1011 3091 recens

198 3150 341 3233 partam
360 3134 511 3235 gloriam
527 3162 591 3208 eru
592 3134 636 3208 tis
651 3132 872 3209 amicissimis
883 3132 1013 3231 Trojae

109 3311 112 3318 .
200 3250 411 3325 civitatibus
431 3252 492 3325 Ob
508 3280 627 3328 earne
629 3252 715 3325 tiam
738 3280 880 3327 causam
901 3250 1015 3355 Poly

199 3382 397 3447 mestorem
418 3367 626 3473 exemplum
647 3366 793 3449 admissi
812 3356 1017 3447 abhorreo
