2284 4000
226 341 1016 398 MNOWmnnmv·u“

905 438 918 458 l

398 518 863 642 PRAEFATIO

304 765 540 858 GRAECI
578 771 948 869 AUCTORIS.

214 1103 401 1238 Dru-rus
410 1164 590 1239 Cretensis
602 1189 756 1269 genere,
773 1164 821 1241 de
837 1167 960 1245 Gnoso
973 1172 1027 1247 ci-
1133 1170 1134 1183 ’

210 1280 339 1375 ritate,
351 1280 480 1355 iisdem
498 1278 720 1381 temporibus
733 1282 865 1385 quihus
881 1301 919 1361 et
930 1286 1027 1361 Atri-

164 1447 168 1454 1
209 1387 264 1475 dee
275 1398 345 1474 fuit
351 1456 365 1494 ‚
383 1398 519 1500 peritus
531 1398 628 1476 vocis
641 1425 683 1475 ac
695 1398 896 1477 litterarum
915 1404 1024 1479 Phue-

211 1520 335 1596 nicum
346 1573 360 1614 ‚
373 1516 629 1619 quaeaCadmo
645 1518 683 1593 in
694 1518 869 1596 Achaiam
882 1519 1027 1598 fuerant

210 1638 347 1716 deletae.
364 1637 438 1715 Hic
448 1636 518 1718 tuit
529 1636 647 1714 socius
657 1636 844 1715 Idomenei
853 1692 868 1732 ‚
883 1640 1028 1717 Deuca-

209 1754 314 1833 tionis
325 1753 655 1850 filii,etMerionis‚
667 1752 911 1856 exM010‚qui
919 1755 1028 1833 duces

211 1902 298 1959 cum
328 1875 486 1951 exercitu
510 1888 637 1949 contra
659 1872 767 1951 Ilium
789 1890 982 1971 venerant,
1006 1903 1029 1953 a

212 1994 343 2098 quibus
354 1993 539 2069 ordinatus
552 2011 605 2070 est
611 2051 624 2089 ,
637 2009 678 2068 ut
689 1991 833 2070 annales
841 1994 926 2070 belli
938 1998 1031 2071 Tro-

212 2113 287 2217 jani
304 2114 554 2190 conscriberet
566 2114 681 2218 Igitur
696 2114 742 2188 de
758 2127 836 2187 toto
853 2114 922 2189 hoc
935 2113 1032 2192 bello

122 2292 125 2294 ψ
155 2237 183 2244 ““
201 2260 276 2308 rex
296 2232 480 2309 volumina
501 2233 541 2307 in
556 2233 648 2308 tilias
667 2231 812 2334 digessit
835 2232 1033 2331 phoeniceis

216 2352 344 2428 litteris
362 2382 370 2423 ε
390 2379 469 2454 quae
483 2353 558 2453 jam
576 2377 736 2427 reversus
752 2349 872 2425 senior
887 2349 925 2424 in
938 2355 1035 2428 Cre-

126 2499 129 2505 ·
217 2488 315 2566 tam,
337 2469 506 2571 praecepit
526 2468 685 2545 moriens
700 2484 741 2543 ut
765 2493 888 2544 secum
905 2469 1036 2568 sepeli-

220 2607 360 2667 rentur.
374 2593 499 2690 Itaque
507 2644 521 2682 ,
537 2603 579 2664 ut
592 2586 651 2664 itte
662 2587 837 2687 jusserat,
850 2605 1038 2662 memora·
1133 2593 1134 2596 ’

85 2706 107 2779 ἦ
220 2727 275 2785 tas
287 2708 378 2784 tilias
399 2707 438 2784 in
453 2707 598 2782 stannea
612 2704 731 2779 arculfi
745 2704 938 2804 repositas,
954 2705 1040 2806 ejus
1086 2717 1091 2722 ”

221 2825 363 2907 tumulo
382 2825 630 2900 condiderunt.
646 2824 788 2899 Verum
796 2822 923 2898 secutis
939 2837 1042 2898 tem-

221 2944 392 3048 poribus,
407 2937 657 3018 tertiodecimo
678 2965 773 3040 enno
790 2938 947 3014 Neronis
962 2939 1041 3014 im-

139 3078 141 3085 ’
222 3063 315 3167 perii
322 3062 518 3156 ‚inGnoso
529 3058 670 3138 civitate
679 3073 782 3138 terrae
793 3072 915 3132 motus
927 3057 1017 3162 facti
1023 3114 1040 3154 ‚

223 3210 309 3260 eum
328 3179 464 3275 multa,
478 3168 558 3255 tum
573 3177 686 3270 'etiam
702 3174 931 3276 sepulchrum
943 3175 1042 3252 Dic-

220 3317 279 3402 tys
302 3301 352 3374 ita
375 3297 647 3398 patefecerunt,
662 3309 702 3368 ut
725 3322 746 3368 a
767 3290 1042 3368 transeuntibus

221 3418 340 3502 arcula
368 3416 552 3494 viseretur.
582 3415 744 3510 Pastores
767 3410 889 3515 itaque
900 3423 1041 3510 praete-
