2284 4000
216 335 283 385 100
396 332 571 404 ananan
599 314 840 384 namorp)

211 448 430 548 importandi
442 446 526 522 belli
542 465 769 546 susceperant
784 481 791 520 :
808 449 932 550 hisque
944 451 1023 548 pla·
1134 510 1137 521 .

212 583 269 642 cet
275 624 286 659 ,
300 567 353 643 uti
364 581 494 665 praeter
504 581 723 640 matractam
737 567 904 661 classem,
915 595 1021 644 naves

212 685 341 787 quibus
360 684 446 758 loca·
462 683 600 757 hostilia
624 682 869 778 incursarent,
889 712 1022 783 praepa·

211 817 347 883 rentur.
371 805 425 877 Ita
442 800 569 874 diebus
590 800 737 898 paucis,
764 801 1021 902 quinquaginta

213 919 358 995 navium
379 918 525 996 classem
541 917 752 990 instructam
770 917 872 990 omni
891 945 1022 1024 genere

215 1027 650 1136 compingunt.Caeterum
664 1034 709 1106 ab
719 1033 877 1134 vincoepto‘
891 1035 1025 1110 militiae

217 1156 317 1253 ejus,
329 1151 542 1251 octavo·jam
557 1175 652 1223 anno
666 1151 710 1224 ad
727 1151 920 1252 hocusque
938 1167 1027 1226 tem·

218 1295 287 1376 pus
294 1284 530 1380 consumpto,
546 1268 690 1349 initium
702 1269 790 1343 noni
802 1286 1011 1378 occoepemt.

484 1801 689 1870 CAPUT
721 1803 767 1872 X.
837 1877 840 1884 ,

269 1957 334 2030 'Aa
347 1951 409 2026 uhi
420 1949 598 2033 instructa
606 1951 819 2033 omnimodo
837 1951 980 2049 classes,
993 1969 1030 2035 et

224 2098 325 2149 mare
345 2069 476 2171 navigii
491 2069 649 2167 patienS,
665 2098 783 2171 neque
802 2072 873 2147 ulla
891 2101 946 2148 res
961 2074 1031 2147 im-

225 2192 434 2290 pedimento
454 2203 550 2281 erat,
563 2189 712 2297 Scythas
722 2245 734 2281 ,
748 2191 810 2290 qui
828 2192 922 2265 forte
940 2218 1031 2271 men-

227 2307 329 2382 candi
345 2304 458 2408 gratia
471 2304 681 2403 appulerant
695 2362 707 2399 ,
728 2308 922 2391 conductos
943 2338 1036 2391 men-

228 2414 341 2521 cede,
368 2408 475 2497 duces
500 2423 732 2521 profectionis
758 2426 835 2523 ejus
858 2428 1033 2529 delegere,

226 2540 298 2618 Per
313 2544 410 2637 idem
423 2558 566 2640 tempus
580 2541 759 2638 Telephus
773 2543 896 2620 dolore
911 2546 1038 2621 vulne„

230 2662 279 2733 ris
291 2661 385 2760 ejus,
400 2660 498 2761 quad
510 2658 547 2731 in
556 2658 682 2757 proelio
694 2659 882 2741 adversum
896 2664 1043 2739 Graecos·

232 2792 444 2875 acceperat,
475 2775 536 2848 diu
561 2776 771 2883 afflictatus,
800 2806 913 2879 quum
942 2780 1040 2856 nullo

232 2895 394 2969 remedio
421 2894 559 2968 mederi
582 2912 726 3000 posset,
749 2897 795 2971 ad
817 2914 1042 2995 postremum

234 3004 410 3111 Apollinis
431 3002 575 3097 oraculo
590 3000 780 3107 monitus,
798 3016 851 3088 uti
866 3018 1042 3101 Achillem

234 3146 342 3231 atque
355 3128 548 3229 AEseulapii
561 3130 653 3205 filios
670 3133 876 3225 adhiberet,
889 3160 1043 3232 propere

236 3251 356 3349 Argos
369 3245 521 3347 navigat.
536 3246 630 3321 Dein
644 3225 779 3345 cunetis
795 3249 944 3325 ducibus
961 3279 1045 3327 cau-

235 3388 313 3433 sam
336 3361 508 3445 adventus
527 3363 611 3464 ejus
625 3364 903 3465 amirantibus,
923 3394 1045 3455 oracu·
