2284 4000
322 373 485 426 LIVRE
524 371 750 424 ΗΕΘΜ).
878 375 940 422 111

371 542 562 614 CAPUT
593 545 709 615 XIV.
818 559 822 567 '

185 711 322 789 Eanru
358 723 571 810 tempestate
609 711 796 789 oraculum
829 707 950 815 Pythii

138 827 375 928 Graeeisperf
372 846 492 923 ertur,
507 831 780 906 concedendum
806 831 851 904 ab
870 857 954 904 om-

135 939 264 1053 nibus,
276 962 330 1019 uti
342 973 408 1046 per
420 946 650 1023 Palamedem
662 948 823 1048 Aponm
835 947 953 1036 Smin

141 1061 218 1138 thio
251 1063 462 1140 sacrificium
493 1066 678 1152 exhiberet
663 1081 756 1142 tur:
785 1095 864 1167 quae
896 1091 956 1142 res

141 1181 263 1254 multis
291 1196 391 1284 grata
413 1183 461 1256 ob
482 1153 695 1258 industriam
723 1192 761 1256 et
786 1209 954 1270 amorem

34 1387 38 1390 ,
139 1277 229 1392 viri,
244 1326 353 1400 quem
371 1299 463 1375 circa
475 1323 624 1375 omnem
638 1299 834 1376 exercitum
857 1299 957 1374 exhi·

142 1413 270 1509 habat,
283 1417 461 1490 nonnullis
475 1417 609 1494 ducum
618 1417 734 1492 dolori
746 1417 824 1494 fuit.
842 1419 957 1493 Cate-

140 1558 228 1634 rum
244 1531 444 1606 immolatio
458 1547 605 1609 centum
617 1535 847 1651 victimarum
864 1591 877 1628 ,
903 1532 955 1608 si-

144 1665 216 1726 cun
207 1648 439 1748 praedictum
451 1663 547 1723 erat
536 1706 548 1744 ‚
565 1674 635 1748 pro
645 1643 779 1724 nuncto
794 1649 953 1726 exercitu

144 1767 376 1868 sumebatur,
390 1783 570 1877 praeeunte
584 1769 722 1870 Chryse
736 1767 852 1842 loci
820 1794 958 1866 epussa·

144 1885 301 1961 remote
324 1885 496 1979 Interim,
517 1907 556 1960 re
574 1885 736 1988 cognita,
753 1884 959 1960 Alexander

146 2020 360 2109 congregata
380 2019 602 2079 armatorum
625 2033 757 2098 manu,
770 2004 816 2079 ad
830 2002 958 2102 prohi-

145 2124 305 2199 bendum
324 2122 422 2199 venit
437 2154 446 2195 ε
462 2152 546 2199 eum
573 2124 646 2197 duo
667 2123 821 2224 Aiaces,
840 2122 960 2221 prius-
1061 2126 1065 2130 ’

146 2262 256 2341 'quam
277 2240 321 2313 ad
339 2238 516 2337 templum
543 2240 875 2339 appropinquaret,
901 2238 961 2310 in-

146 2354 302 2430 terfectis
314 2356 500 2455 plurimis,
517 2358 699 2459 fugavere.
722 2356 792 2433 Sed
806 2344 964 2449 Chryses
1033 2416 1039 2422 .

149 2492 258 2579 quem
278 2474 499 2549 sacerdotem
517 2475 684 2569 Sminthii
702 2473 878 2573 Apollinis¹
899 2500 963 2547 su-

149 2614 213 2697 pra
225 2590 379 2665 diximus
387 2592 595 2694 {utriusque
604 2590 777 2667 exereitus
787 2594 962 2669 offensam

149 2714 336 2801 metuens,
357 2706 506 2809 quisque
521 2709 679 2807 partium
692 2706 836 2781 adeum
854 2736 963 2784 vene-

150 2840 226 2919 rat,
239 2852 322 2899 eum
337 2826 391 2900 hrs
403 2854 440 2901 se
449 2824 660 2929 adjunctum
673 2850 746 2899 esse
757 2823 962 2899 simulabat
971 2875 974 2880 f

150 2940 328 3017 Interim
317 2972 354 3017 m
373 2971 417 3018 eo
438 2941 622 3019 sacrilleio
628 2919 847 3035 Philocteta,
868 2934 967 3063 hauil

152 3034 365 3164 proculab
358 3076 419 3135 ar'a
439 3046 615 3161 teinpll
583 3085 659 3162 eJus
674 3055 818 3152 astans,
836 3040 965 3158 morsu*

47 3258 55 3273 ¹
152 3174 341 3313 serpentis·
346 3176 440 3251 forte
453 3177 698 3280 contingitur:
714 3174 798 3251 dein
818 3152 864 3247 al)
882 3200 968 3249 om-

151 3292 255 3366 nibus
280 3294 344 3395 qui
370 3293 695 3373 animadverterant
721 3287 878 3370 clamore
904 3317 967 3364 su·

87 3434 89 3441 ⁴
152 3407 271 3507 blato,
287 3412 436 3514 Ulyssas
459 3440 648 3493 accurrens
676 3428 882 3515 serpentem
903 3408 966 3486 in-
