2284 4000
330 352 487 406 urvur
523 351 754 402 reantur.
909 327 951 401 15

121 489 172 541 eo
186 479 351 565 tempore
361 467 509 542 Nestori
522 467 680 566 denupta
694 481 794 560 erat,
804 481 840 541 et
857 466 953 567 Aga·

127 599 306 662 memnon
321 587 440 687 major
455 587 590 680 frater,
609 603 650 660 ut
662 586 739 663 vice
759 588 822 659 sua
836 585 874 658 in
891 585 949 658 di-

128 702 269 782 visione
290 711 470 798 uteretur,
498 704 710 802 petiverant.
737 704 807 780 Sed
823 702 950 777 hinon

128 820 346 914 Plisthenis,
364 837 405 894 ut
429 837 557 914 erant,
587 823 702 924 magis
723 849 833 923 quam
846 820 951 896 Atrei

132 940 367 1032 dicebantur3
382 941 525 1014 obeam
540 967 683 1016 causam
691 997 703 1034 ,
722 942 820 1042 quod
833 967 949 1041 quum

130 1057 350 1150 Plisthenes,
363 1057 562 1156 admodum
583 1057 823 1156 parvus,ipse
840 1083 951 1159 agens

131 1175 172 1248 in
184 1173 312 1273 primis
321 1174 422 1248 anuis
434 1174 505 1249 viat
517 1175 662 1250 functus
673 1231 684 1268 ,
697 1175 785 1248 nihil
797 1175 951 1276 dignum

129 1290 405 1372 admemoriam
415 1291 573 1366 nominis
584 1291 805 1395 reliquisset,
818 1294 951 1367 Atreus

132 1410 364 1486 miseratione
383 1411 493 1485 aetatis
520 1437 643 1486 secum
666 1438 728 1486 eos
752 1412 925 1486 habuerat
937 1469 950 1506 ,

134 1555 254 1631 neque
267 1526 387 1602 minus
404 1553 515 1629 quam
532 1528 651 1630 regios
666 1530 889 1614 educaverat.
908 1533 952 1603 ln

134 1675 208 1748 qua
220 1644 390 1721 divisione
404 1645 535 1749 singuli
548 1673 616 1744 pro
628 1646 785 1721 nominis
801 1645 953 1722 celebri-

136 1781 209 1844 tate
221 1765 360 1841 interse
371 1766 522 1867 quisque
532 1765 723 1868 magnifice
735 1781 951 1868 transegere.

300 1917 303 1926 ’
405 1963 600 2035 araur
631 1963 687 2032 11.

140 2114 154 2126 ”
191 2116 252 2190 Au
278 2138 339 2191 eos
362 2140 401 2188 re
425 2114 568 2217 cognita
595 2142 722 2191 omnes
743 2142 789 2191 ex
814 2115 954 2217 origiue

141 2232 321 2331 Europae,
349 2257 432 2333 quae
448 2229 486 2305 in
509 2236 550 2307 el
571 2231 686 2307 insula
705 2235 850 2307 summa
870 2232 956 2307 reli-

142 2352 252 2453 gione
265 2348 411 2445 colitur,
427 2352 633 2445 confluunt,
651 2352 878 2455 benigneque
903 2378 959 2430 sa-

140 2468 274 2551 lutatos
292 2469 329 2543 in
343 2468 520 2577 templum
542 2470 734 2545 deducunt.
755 2471 809 2543 lbi
827 2468 958 2543 multa·

142 2614 228 2661 rum
242 2588 441 2663 hostiarum
457 2614 560 2664 more
577 2590 694 2688 patrio
710 2589 957 2665 immolatione

141 2706 343 2803 celebrata,
374 2698 611 2809 exhibitisque
642 2707 779 2807 epulis,
812 2706 959 2809 largiter

143 2823 409 2927 magnificeque
423 2852 485 2901 eos
499 2826 656 2901 habuere
671 2857 679 2898 :
694 2826 855 2927 itemque
867 2825 961 2900 inse-
1029 2891 1034 2901 ,

144 2942 379 3021 cutisdiebus.
393 2946 444 3018 At
455 2971 557 3047 reges
567 2945 730 3039 Graeeiae,
744 2942 809 3017 etsi
828 2971 870 3017 ea
883 2971 962 3045 quac

146 3062 407 3141 exhibebantur
426 3091 510 3139 cum
523 3061 643 3139 laetitia
657 3061 895 3161 accipiebant,
907 3078 964 3133 ta-
1007 3085 1011 3092 ’

146 3200 242 3257 men
256 3182 373 3259 multo
392 3183 507 3285 magis
524 3183 652 3283 templi
670 3184 748 3284 ejus
765 3179 959 3281 magnifica

144 3298 434 3396 pulchritudine,
461 3301 690 3403 pretiosaque
722 3289 963 3376 exstructione
1016 3295 1019 3300 ’

141 3439 297 3519 operum
323 3418 590 3518 afficiebantur,
616 3416 843 3520 inspicientes
858 3442 963 3519 repe-
