2284 4000
316 263 482 314 ooaaa'a
511 270 564 314 na
589 265 759 323 maora..
878 264 944 336 ¹77

129 392 299 458 tractatus
317 379 373 452 sit.
390 383 556 454 Antenor
570 382 734 455 hortatus
749 393 802 454 est
816 379 948 478 Troja-

127 481 212 587 nos,
234 523 279 569 ne
305 497 574 592 horrescerent,
598 499 645 571 ad
669 496 878 578 bellandum
902 493 945 568 in
982 541 987 549 ·

129 611 309 686 Graeciam
330 641 413 689 suos
425 616 616 690 alacriores
627 614 725 689 fecit.
740 612 867 688 Paucis
880 612 948 686 de·
999 602 1003 609 ¹

130 732 363 828 monstravit,
378 731 506 834 quaein
520 731 656 809 Graecia
669 715 840 834 gesserat
852 730 949 807 Pria-

129 873 213 921 mus
228 848 336 942 dixit,
354 850 382 924 si
402 850 460 926 cni
481 851 683 950 displiceret
698 850 833 925 bellum
849 849 948 952 geri,
1052 858 1056 864 '

129 992 233 1040 suam
245 966 468 1043 voluntatem
482 968 652 1046 ediceret.
669 974 777 1046 Tunc
790 970 952 1042 Panthus-

131 1085 276 1159 Priamo
291 1103 326 1160 et
339 1088 552 1190 propinquis
565 1089 688 1188 prodit
702 1117 742 1162 ea
758 1117 836 1188 quae
848 1117 868 1161 a
881 1115 950 1185 pa-

132 1219 188 1277 tre
219 1205 417 1302 Euphorbo
447 1205 609 1281 audierat
641 1240 649 1279 ε
677 1208 712 1283 si
744 1206 957 1281 Alexander

133 1346 286 1403 uxorem
305 1324 350 1398 de
373 1323 507 1400 Graecia
528 1325 752 1419 adduxisset,
777 1325 952 1426 Troianis

133 1455 336 1519 extremum
344 1441 491 1516 exitium
499 1443 755 1519 futurumSed
766 1443 956 1542 pulchrius·-

136 1585 214 1633 esse
235 1558 273 1634 in
291 1559 368 1633 otio
393 1559 504 1638 vitam
524 1559 676 1664 degere,
694 1589 804 1660 quam
826 1561 864 1633 iu
889 1576 952 1640 tu-

132 1678 253 1761 multu
270 1679 473 1768 libertatem
492 1679 682 1774 amittere,
697 1695 733 1754 et
746 1680 952 1777 pericnlum

136 1795 239 1870 inire.
261 1798 425 1895 Populus·
439 1796 691 1872 auctoritatem
713 1797 841 1869 Panthi
859 1822 952 1871 con-

136 1913 257 1989 temsit
286 1947 295 1989 :
323 1941 448 2017 regem
479 1915 597 2007 dicere
628 1915 830 2016 jusserunt,
859 1913 949 2015 quid

137 2031 215 2107 lieri
228 2034 345 2109 vellet.
360 2033 525 2108 Priamus
538 2034 626 2107 dixit
638 2061 745 2117 nares
753 2036 952 2132 praeparem

136 2154 197 2257 das
219 2180 318 2249 esse,
336 2170 376 2229 nt
394 2153 551 2227 eatur'in
570 2151 745 2232 Graeciam
764 2150 952 2223 :utensilia
970 2201 972 2208 ,

137 2299 283 2373 quoque
296 2272 433 2372 populo
446 2298 521 2345 non
535 2272 667 2345 deesse.
686 2267 844 2367 Populus
860 2292 953 2364 con-

137 2389 302 2465 clamavit
324 2416 394 2488 ¹per
416 2416 452 2465 se
480 2416 624 2475 moram
651 2412 851 2473 nonense,
877 2408 954 2484 quo

137 2507 257 2579 minus
276 2508 370 2609 regis
389 2509 574 2607 praeceptis
591 2522 769 2608 pareatur.
788 2504 953 2576 Priamus

136 2623 204 2697 illis
225 2652 372 2725 magnas
395 2626 525 2727 gratias
548 2625 651 2725 egit,
665 2622 952 2721 concionemque

139 2741 286 2817 dimisit.
311 2746 366 2818 Ac
387 2770 473 2817 mox
494 2743 532 2815 in
548 2743 651 2815 Idam
674 2740 812 2841 sylvam
833 2741 956 2833 misit,

139 2860 202 2961 qui
222 2861 412 2939 materiem
437 2858 680 2953 succiderent,
704 2885 812 2932 nares
833 2858 958 2932 aedifi-³

139 2993 274 3053 carent.
299 2980 498 3055 Hectorem
527 2978 567 3053 in·
590 2975 814 3076 superiorem
837 2976 958 3074 Phry·

138 3098 235 3201 giam
255 3097 373 3192 misit,
388 3114 428 3207 u}
448 3096 648 3173 exercitum
666 3109 809 3194 pararet
816 3123 827 3184 3
847 3109 884 3165 et
902 3093 955 3174 ita

137 3232 266 3313 praesto
281 3230 382 3290 esset.
403 3216 600 3291 Cassandra
611 3228 804 3314 postquam
816 3208 952 3283 audivit

139 3336 248 3436 patris
271 3334 614 3433 mmmmm-dicere
636 3331 742 3441 coepit
758 3357 837 3429 <111ae
854 3332 960 3414 Tro.-
