2284 4000
228 323 296 398 166
409 345 582 400 evenne
611 338 666 396 n'n
693 350 845 399 rnorn.

493 763 686 856 erro-r
716 788 757 888 r.
876 857 879 861 ,

270 961 485 1054 Anrnnon,
501 974 542 1032 ut
559 954 723 1032 Priamus
740 957 952 1061 imperavit,
967 988 1038 1038 na·
1135 946 1137 1033 i

219 1075 530 1180 vim'conseendit,
543 1075 1039 1183 etprofectusvenitMagne-

219 1197 310 1298 siam
334 1196 381 1270 ad
393 1194 562 1294 Peleurm
576 1195 700 1296 Quem
728 1195 854 1272 Peleus
878 1197 1036 1298 hospitio

221 1315 342 1390 triduo
356 1312 509 1413 recepit,
522 1310 580 1388 die
591 1330 723 1414 quarto
732 1331 835 1417 rogat
847 1344 933 1392 eum
946 1316 1037 1420 quid

221 1433 370 1512 venerit.
390 1435 555 1510 Antenor
580 1430 666 1507 dicit
688 1459 731 1508 ea
744 1461 863 1534 quaea
889 1435 1036 1512 Priamo

222 1551 392 1635 mandata
405 1564 525 1644 erant,
541 1549 1037 1650 Graios'postula1·e,ntHe-

220 1667 322 1744 siona
336 1667 557 1744 redderetur.
573 1670 667 1742 Haec
676 1667 739 1740 nbi
747 1667 873 1742 Peleus
882 1668 1035 1763 audivit,

221 1788 381 1891 graviter
396 1784 497 1880 tulit,
523 1791 567 1859 'eo
587 1785 686 1886 quod
707 1784 776 1865 hoc
788 1785 968 1886 pertinere
989 1789 1036 1862 ad

221 1918 261 1982 se
278 1905 419 1982 videbat
433 1935 442 1977 :
457 1904 559 2006 jubet
574 1932 659 1978 eum
673 1901 719 1979 de
738 1903 869 1978 finibus
881 1904 953 1980 suis
961 1906 1035 1980 dis-

222 2025 362 2101 eedere-
392 2018 561 2121 Antenor
583 2021 672 2095 nihil
702 2038 890 2117 moratus,
914 2023 1036 2104 nanim

222 2140 402 2236 ascendit,
428 2134 496 2215 iter
512 2140 605 2215 ¹fecit
624 2138 844 2217 Salaminam
859 2141 906 2224 ad
929 2141 1038 2217 Tela·

223 2286 374 2337 monem
398 2290 406 2332 :
428 2286 555 2361 rogare
574 2283 661 2332 eum
683 2258 812 2358 caepit,
832 2274 872 2331 ut
892 2259 1036 2336 Priamo

222 2401 386 2453 sororem
406 2376 607 2451 Hesionam
635 2374 824 2467 redderet3
841 2402 915 2451 non
940 2378 1037 2460 enim

215 2520 461 2595 'esse-equum
479 2508 553 2591 tam
571 2492 635 2565 diu
654 2491 693 2565 in
709 2493 879 2569 servitute
896 2495 1035 2588 ¹habere

223 2613 315 2715 regii
327 2611 649 2716 generispuellom.
660 2608 843 2686 Telamon
857 2614 1035 2692 Antenori

225 2727 432 2831 respondit,
450 2730 538 2806 nihil
551 2758 574 2805 a
586 2756 624 2805 se
640 2727 785 2805 Priamo
798 2729 934 2805 facturn
949 2762 961 2803 ε
974 2731 1035 2809 sed
1135 2813 1136 2816 ,

181 2855 183 2860 ’
226 2850 328 2953 quod
343 2849 483 2925 virtutis
496 2874 617 2942 eanssa
633 2846 807 2925 donatum
819 2847 895 2943 sit,
922 2875 960 2923 se
972 2877 1037 2925 ne·

227 2966 319 3043 mini
332 2968 524 3042 daturum:
542 2960 673 3041 ob’hoc
684 2966 911 3041 Antenorem
925 2964 1036 3041 insula

226 3085 409 3163 discedere
420 3086 531 3187 jubet.
551 3086 717 3159 Antenor
726 3110 856 3160 navem
871 3110 1039 3158 conseens

228 3204 301 3299 dit,
317 3204 356 3278 in
369 3200 544 3301 Achaiam
562 3198 671 3276 venit.
686 3197 775 3291 {nde
789 3200 836 3275 ad
852 3202 1037 3301 Castorem

5 3388 6 3401 ,
184 3414 185 3417 ¹
227 3337 266 3399 et
284 3320 472 3395 Pollucem.
480 3318 616 3395 delatus
624 3377 638 3411 ,
658 3316 827 3417 coepitab
848 3318 902 3393 his
912 3334 1038 3419 postu·

5 3426 7 3437 ¹
107 3460 111 3468 ’
227 3437 322 3531 lare,
350 3451 390 3509 ut
408 3434 551 3511 Priamo
567 3434 828 3528 satisfacerent,
847 3450 885 3510 et
907 3434 943 3510 ei
957 3438 1037 3509 He·
1119 3538 1122 3546 Ι
