<?xml version="1.0" encoding="UTF-8"?>
<!DOCTYPE html PUBLIC "-//W3C//DTD XHTML 1.0 Transitional//EN"
    "http://www.w3.org/TR/xhtml1/DTD/xhtml1-transitional.dtd">
<html xmlns="http://www.w3.org/1999/xhtml" xml:lang="en" lang="en">
 <head>
  <title>
</title>
<meta http-equiv="Content-Type" content="text/html;charset=utf-8" />
  <meta name='ocr-system' content='tesseract 3.04.00' />
  <meta name='ocr-capabilities' content='ocr_page ocr_carea ocr_par ocr_line ocrx_word'/>
</head>
<body>
  <div class='ocr_page' id='page_1' title='image "./histoiredelague00cailgoog_0439.png"; bbox 0 0 2284 4000; ppageno 0'>
   <div class='ocr_carea' id='block_1_1' title="bbox 211 298 845 374">
    <p class='ocr_par' dir='ltr' id='par_1_1' title="bbox 211 298 845 374">
     <span class='ocr_line' id='line_1_1' title="bbox 211 298 845 374; baseline 0.002 -1"><span class='ocrx_word' id='word_1_1' title='bbox 211 298 258 373; x_wconf 78' lang='grc'><strong>58</strong></span> <span class='ocrx_word' id='word_1_2' title='bbox 397 320 576 373; x_wconf 80' lang='lat' dir='ltr'><strong>enrnnr</strong></span> <span class='ocrx_word' id='word_1_3' title='bbox 602 324 659 371; x_wconf 77' lang='lat' dir='ltr'><strong>ns</strong></span> <span class='ocrx_word' id='word_1_4' title='bbox 686 323 845 374; x_wconf 71' lang='lat' dir='ltr'><strong>ruore.</strong></span> 
     </span>
    </p>
   </div>
   <div class='ocr_carea' id='block_1_2' title="bbox 213 432 1040 533">
    <p class='ocr_par' dir='ltr' id='par_1_2' title="bbox 213 432 1040 533">
     <span class='ocr_line' id='line_1_2' title="bbox 213 432 1040 533; baseline 0.005 -26"><span class='ocrx_word' id='word_1_5' title='bbox 213 432 376 509; x_wconf 85' lang='lat' dir='ltr'><strong>consulto</strong></span> <span class='ocrx_word' id='word_1_6' title='bbox 400 462 420 508; x_wconf 86' lang='lat' dir='ltr'><strong>a</strong></span> <span class='ocrx_word' id='word_1_7' title='bbox 445 435 579 511; x_wconf 82' lang='lat' dir='ltr'><strong>Graccis</strong></span> <span class='ocrx_word' id='word_1_8' title='bbox 605 435 862 533; x_wconf 78' lang='lat' dir='ltr'><strong>intercessum,</strong></span> <span class='ocrx_word' id='word_1_9' title='bbox 893 436 1040 513; x_wconf 82' lang='lat' dir='ltr'><strong>confir-</strong></span> 
     </span>
    </p>
   </div>
   <div class='ocr_carea' id='block_1_3' title="bbox 107 546 1142 2044">
    <p class='ocr_par' dir='ltr' id='par_1_3' title="bbox 107 546 1142 2044">
     <span class='ocr_line' id='line_1_3' title="bbox 122 546 1040 654; baseline 0.005 -29"><span class='ocrx_word' id='word_1_10' title='bbox 122 594 127 601; x_wconf 95' lang='lat'><strong>·</strong></span> <span class='ocrx_word' id='word_1_11' title='bbox 211 551 393 627; x_wconf 84' lang='lat' dir='ltr'><strong>mantibus</strong></span> <span class='ocrx_word' id='word_1_12' title='bbox 416 578 491 628; x_wconf 86' lang='lat' dir='ltr'><strong>non</strong></span> <span class='ocrx_word' id='word_1_13' title='bbox 514 578 552 629; x_wconf 88' lang='lat' dir='ltr'><strong>se</strong></span> <span class='ocrx_word' id='word_1_14' title='bbox 580 578 746 654; x_wconf 83' lang='lat' dir='ltr'><strong>passuros</strong></span> <span class='ocrx_word' id='word_1_15' title='bbox 771 555 866 629; x_wconf 87' lang='lat' dir='ltr'><strong>intra</strong></span> <span class='ocrx_word' id='word_1_16' title='bbox 895 546 1040 630; x_wconf 70' lang='lat' dir='ltr'><strong>suueuia</strong></span> 
     </span>
     <span class='ocr_line' id='line_1_4' title="bbox 211 667 1140 773; baseline 0.008 -32"><span class='ocrx_word' id='word_1_17' title='bbox 211 667 295 742; x_wconf 91' lang='lat' dir='ltr'><strong>duci</strong></span> <span class='ocrx_word' id='word_1_18' title='bbox 312 696 468 771; x_wconf 87' lang='lat' dir='ltr'><strong>equum,</strong></span> <span class='ocrx_word' id='word_1_19' title='bbox 484 672 696 773; x_wconf 80' lang='lat' dir='ltr'><strong>priusquam</strong></span> <span class='ocrx_word' id='word_1_20' title='bbox 717 673 931 771; x_wconf 78' lang='lat' dir='ltr'><strong>praedictum</strong></span> <span class='ocrx_word' id='word_1_21' title='bbox 948 672 1036 747; x_wconf 86' lang='lat' dir='ltr'><strong>auri</strong></span> <span class='ocrx_word' id='word_1_22' title='bbox 1139 677 1140 680; x_wconf 69' lang='grc'>’</span> 
     </span>
     <span class='ocr_line' id='line_1_5' title="bbox 209 782 1055 891; baseline 0.005 -31"><span class='ocrx_word' id='word_1_23' title='bbox 209 801 318 888; x_wconf 85' lang='lat' dir='ltr'><strong>atque</strong></span> <span class='ocrx_word' id='word_1_24' title='bbox 341 788 480 891; x_wconf 84' lang='lat' dir='ltr'><strong>argenti</strong></span> <span class='ocrx_word' id='word_1_25' title='bbox 499 788 642 889; x_wconf 89' lang='lat' dir='ltr'><strong>pondus</strong></span> <span class='ocrx_word' id='word_1_26' title='bbox 654 789 886 891; x_wconf 84' lang='lat' dir='ltr'><strong>susceperint.</strong></span> <span class='ocrx_word' id='word_1_27' title='bbox 904 795 959 865; x_wconf 87' lang='lat' dir='ltr'><strong>lta</strong></span> <span class='ocrx_word' id='word_1_28' title='bbox 970 782 1055 864; x_wconf 51' lang='lat' dir='ltr'><strong>in-N</strong></span> 
     </span>
     <span class='ocr_line' id='line_1_6' title="bbox 208 904 1031 1011; baseline 0.001 -30"><span class='ocrx_word' id='word_1_29' title='bbox 208 904 373 981; x_wconf 86' lang='lat' dir='ltr'><strong>termisso</strong></span> <span class='ocrx_word' id='word_1_30' title='bbox 398 932 531 1006; x_wconf 87' lang='lat' dir='ltr'><strong>opere,</strong></span> <span class='ocrx_word' id='word_1_31' title='bbox 552 907 804 1011; x_wconf 82' lang='lat' dir='ltr'><strong>semirutisque</strong></span> <span class='ocrx_word' id='word_1_32' title='bbox 824 909 1031 1005; x_wconf 85' lang='lat' dir='ltr'><strong>moenibus,</strong></span> 
     </span>
     <span class='ocr_line' id='line_1_7' title="bbox 208 1020 1029 1129; baseline -0.005 -26"><span class='ocrx_word' id='word_1_33' title='bbox 208 1020 357 1129; x_wconf 80' lang='lat' dir='ltr'><strong>Ulysses</strong></span> <span class='ocrx_word' id='word_1_34' title='bbox 369 1038 517 1101; x_wconf 87' lang='lat' dir='ltr'><strong>cunctos</strong></span> <span class='ocrx_word' id='word_1_35' title='bbox 525 1025 849 1129; x_wconf 84' lang='lat' dir='ltr'><strong>civitatisTrojanae</strong></span> <span class='ocrx_word' id='word_1_36' title='bbox 858 1028 1029 1122; x_wconf 85' lang='lat' dir='ltr'><strong>artifices,</strong></span> 
     </span>
     <span class='ocr_line' id='line_1_8' title="bbox 208 1140 1142 1249; baseline 0.003 -33"><span class='ocrx_word' id='word_1_37' title='bbox 208 1140 255 1224; x_wconf 90' lang='lat' dir='ltr'><strong>ad</strong></span> <span class='ocrx_word' id='word_1_38' title='bbox 269 1142 477 1218; x_wconf 84' lang='lat' dir='ltr'><strong>reficiendas</strong></span> <span class='ocrx_word' id='word_1_39' title='bbox 490 1168 598 1221; x_wconf 87' lang='lat' dir='ltr'><strong>naves</strong></span> <span class='ocrx_word' id='word_1_40' title='bbox 614 1144 794 1221; x_wconf 85' lang='lat' dir='ltr'><strong>conducit.</strong></span> <span class='ocrx_word' id='word_1_41' title='bbox 809 1144 1028 1248; x_wconf 78' lang='lat' dir='ltr'><strong>Composita</strong></span> <span class='ocrx_word' id='word_1_42' title='bbox 1141 1244 1142 1249; x_wconf 6' lang='grc' dir='ltr'><strong>Ἰ</strong></span> 
     </span>
     <span class='ocr_line' id='line_1_9' title="bbox 107 1259 1028 1371; baseline 0.003 -38"><span class='ocrx_word' id='word_1_43' title='bbox 107 1351 111 1371; x_wconf 45' lang='grc' dir='ltr'>Ι</span> <span class='ocrx_word' id='word_1_44' title='bbox 207 1259 291 1334; x_wconf 89' lang='lat' dir='ltr'><strong>dein</strong></span> <span class='ocrx_word' id='word_1_45' title='bbox 310 1260 475 1337; x_wconf 82' lang='lat' dir='ltr'><strong>universa</strong></span> <span class='ocrx_word' id='word_1_46' title='bbox 495 1260 622 1355; x_wconf 87' lang='lat' dir='ltr'><strong>classe,</strong></span> <span class='ocrx_word' id='word_1_47' title='bbox 644 1260 707 1335; x_wconf 89' lang='lat' dir='ltr'><strong>uhi</strong></span> <span class='ocrx_word' id='word_1_48' title='bbox 730 1276 858 1337; x_wconf 88' lang='lat' dir='ltr'><strong>cuncta</strong></span> <span class='ocrx_word' id='word_1_49' title='bbox 880 1260 1028 1363; x_wconf 82' lang='lat' dir='ltr'><strong>navigio</strong></span> 
     </span>
     <span class='ocr_line' id='line_1_10' title="bbox 207 1376 1021 1479; baseline 0.004 -29"><span class='ocrx_word' id='word_1_50' title='bbox 207 1376 398 1472; x_wconf 80' lang='lat' dir='ltr'><strong>instructa,</strong></span> <span class='ocrx_word' id='word_1_51' title='bbox 421 1394 457 1453; x_wconf 86' lang='lat' dir='ltr'><strong>et</strong></span> <span class='ocrx_word' id='word_1_52' title='bbox 482 1378 672 1477; x_wconf 84' lang='lat' dir='ltr'><strong>praemium</strong></span> <span class='ocrx_word' id='word_1_53' title='bbox 697 1378 922 1479; x_wconf 83' lang='lat' dir='ltr'><strong>persolutum</strong></span> <span class='ocrx_word' id='word_1_54' title='bbox 947 1396 1021 1477; x_wconf 82' lang='lat' dir='ltr'><strong>est,</strong></span> 
     </span>
     <span class='ocr_line' id='line_1_11' title="bbox 207 1493 1141 1601; baseline 0.004 -32"><span class='ocrx_word' id='word_1_55' title='bbox 207 1495 336 1595; x_wconf 86' lang='lat' dir='ltr'><strong>jubent</strong></span> <span class='ocrx_word' id='word_1_56' title='bbox 361 1496 472 1571; x_wconf 85' lang='lat' dir='ltr'><strong>nostri</strong></span> <span class='ocrx_word' id='word_1_57' title='bbox 497 1522 671 1601; x_wconf 84' lang='lat' dir='ltr'><strong>peragere</strong></span> <span class='ocrx_word' id='word_1_58' title='bbox 696 1496 864 1597; x_wconf 87' lang='lat' dir='ltr'><strong>iucoepta.</strong></span> <span class='ocrx_word' id='word_1_59' title='bbox 896 1502 1026 1599; x_wconf 80' lang='lat' dir='ltr'><strong>ltaque</strong></span> <span class='ocrx_word' id='word_1_60' title='bbox 1140 1493 1141 1500; x_wconf 51' lang='lat'><em>&#39;</em></span> 
     </span>
     <span class='ocr_line' id='line_1_12' title="bbox 207 1614 1026 1716; baseline 0 -25"><span class='ocrx_word' id='word_1_61' title='bbox 207 1614 384 1691; x_wconf 79' lang='lat' dir='ltr'><strong>destructa</strong></span> <span class='ocrx_word' id='word_1_62' title='bbox 396 1641 588 1691; x_wconf 85' lang='lat' dir='ltr'><strong>murorum</strong></span> <span class='ocrx_word' id='word_1_63' title='bbox 607 1630 727 1714; x_wconf 87' lang='lat' dir='ltr'><strong>parte,</strong></span> <span class='ocrx_word' id='word_1_64' title='bbox 740 1642 824 1695; x_wconf 87' lang='lat' dir='ltr'><strong>cum</strong></span> <span class='ocrx_word' id='word_1_65' title='bbox 837 1617 919 1716; x_wconf 87' lang='lat' dir='ltr'><strong>joco</strong></span> <span class='ocrx_word' id='word_1_66' title='bbox 928 1674 941 1710; x_wconf 89' lang='lat'>,</span> <span class='ocrx_word' id='word_1_67' title='bbox 953 1616 1026 1691; x_wconf 84' lang='lat' dir='ltr'><strong>las-</strong></span> 
     </span>
     <span class='ocr_line' id='line_1_13' title="bbox 175 1731 1025 1835; baseline 0 -28"><span class='ocrx_word' id='word_1_68' title='bbox 175 1766 177 1772; x_wconf 88' lang='lat'><em>·</em></span> <span class='ocrx_word' id='word_1_69' title='bbox 208 1731 370 1834; x_wconf 74' lang='lat' dir='ltr'><strong>civisque</strong></span> <span class='ocrx_word' id='word_1_70' title='bbox 388 1732 561 1807; x_wconf 86' lang='lat' dir='ltr'><strong>induxere</strong></span> <span class='ocrx_word' id='word_1_71' title='bbox 582 1758 740 1835; x_wconf 86' lang='lat' dir='ltr'><strong>equum,</strong></span> <span class='ocrx_word' id='word_1_72' title='bbox 761 1732 906 1807; x_wconf 77' lang='lat' dir='ltr'><strong>feminis</strong></span> <span class='ocrx_word' id='word_1_73' title='bbox 928 1732 1025 1809; x_wconf 87' lang='lat' dir='ltr'><strong>inter</strong></span> 
     </span>
     <span class='ocr_line' id='line_1_14' title="bbox 207 1844 1021 1953; baseline 0.004 -29"><span class='ocrx_word' id='word_1_74' title='bbox 207 1876 244 1924; x_wconf 87' lang='lat' dir='ltr'><strong>se</strong></span> <span class='ocrx_word' id='word_1_75' title='bbox 257 1866 364 1953; x_wconf 89' lang='lat' dir='ltr'><strong>atque</strong></span> <span class='ocrx_word' id='word_1_76' title='bbox 381 1844 465 1930; x_wconf 85' lang='lat' dir='ltr'><strong>viris</strong></span> <span class='ocrx_word' id='word_1_77' title='bbox 477 1851 641 1928; x_wconf 80' lang='lat' dir='ltr'><strong>certatim</strong></span> <span class='ocrx_word' id='word_1_78' title='bbox 653 1852 830 1930; x_wconf 80' lang='lat' dir='ltr'><strong>attrahere</strong></span> <span class='ocrx_word' id='word_1_79' title='bbox 844 1850 1021 1928; x_wconf 83' lang='lat' dir='ltr'><strong>festinan-</strong></span> 
     </span>
     <span class='ocr_line' id='line_1_15' title="bbox 206 1964 315 2044; baseline 0.009 -2"><span class='ocrx_word' id='word_1_80' title='bbox 206 1964 315 2044; x_wconf 77' lang='lat' dir='ltr'><strong>tibus,</strong></span> 
     </span>
    </p>
   </div>
   <div class='ocr_carea' id='block_1_4' title="bbox 445 2453 773 2604">
    <p class='ocr_par' dir='ltr' id='par_1_4' title="bbox 445 2453 773 2604">
     <span class='ocr_line' id='line_1_16' title="bbox 445 2453 773 2604; baseline -0.037 -18"><span class='ocrx_word' id='word_1_81' title='bbox 445 2453 638 2604; x_wconf 73' lang='lat' dir='ltr'><strong>nrrur</strong></span> <span class='ocrx_word' id='word_1_82' title='bbox 669 2508 773 2579; x_wconf 80' lang='lat' dir='ltr'><strong>xrr.</strong></span> 
     </span>
    </p>
   </div>
   <div class='ocr_carea' id='block_1_5' title="bbox 140 2679 1129 3497">
    <p class='ocr_par' dir='ltr' id='par_1_5' title="bbox 140 2679 1129 3497">
     <span class='ocr_line' id='line_1_17' title="bbox 252 2679 1018 2758; baseline -0.005 -2"><span class='ocrx_word' id='word_1_83' title='bbox 252 2682 420 2757; x_wconf 81' lang='lat' dir='ltr'><strong>Iurrnru</strong></span> <span class='ocrx_word' id='word_1_84' title='bbox 433 2681 547 2757; x_wconf 80' lang='lat' dir='ltr'><strong>Graeci</strong></span> <span class='ocrx_word' id='word_1_85' title='bbox 560 2680 624 2756; x_wconf 91' lang='lat' dir='ltr'><strong>ubi</strong></span> <span class='ocrx_word' id='word_1_86' title='bbox 636 2695 764 2756; x_wconf 84' lang='lat' dir='ltr'><strong>cuncta</strong></span> <span class='ocrx_word' id='word_1_87' title='bbox 780 2679 930 2758; x_wconf 84' lang='lat' dir='ltr'><strong>naribus</strong></span> <span class='ocrx_word' id='word_1_88' title='bbox 941 2680 1018 2752; x_wconf 87' lang='lat' dir='ltr'><strong>im-</strong></span> 
     </span>
     <span class='ocr_line' id='line_1_18' title="bbox 205 2797 1022 2901; baseline -0.006 -26"><span class='ocrx_word' id='word_1_89' title='bbox 205 2800 319 2901; x_wconf 84' lang='lat' dir='ltr'><strong>posita</strong></span> <span class='ocrx_word' id='word_1_90' title='bbox 333 2814 415 2874; x_wconf 87' lang='lat' dir='ltr'><strong>sunt</strong></span> <span class='ocrx_word' id='word_1_91' title='bbox 422 2855 434 2897; x_wconf 87' lang='lat'>‚</span> <span class='ocrx_word' id='word_1_92' title='bbox 444 2797 595 2876; x_wconf 90' lang='lat' dir='ltr'><strong>incensis</strong></span> <span class='ocrx_word' id='word_1_93' title='bbox 603 2800 770 2874; x_wconf 88' lang='lat' dir='ltr'><strong>omnium</strong></span> <span class='ocrx_word' id='word_1_94' title='bbox 782 2797 1022 2874; x_wconf 75' lang='lat' dir='ltr'><strong>tabernaurlis</strong></span> 
     </span>
     <span class='ocr_line' id='line_1_19' title="bbox 140 2917 1022 3022; baseline -0.005 -30"><span class='ocrx_word' id='word_1_95' title='bbox 140 2952 141 2956; x_wconf 40' lang='lat'>¹</span> <span class='ocrx_word' id='word_1_96' title='bbox 204 2919 250 2993; x_wconf 86' lang='lat' dir='ltr'><strong>ad</strong></span> <span class='ocrx_word' id='word_1_97' title='bbox 263 2917 418 3022; x_wconf 63' lang='lat' dir='ltr'><strong>Sigeum</strong></span> <span class='ocrx_word' id='word_1_98' title='bbox 436 2919 626 3012; x_wconf 80' lang='lat' dir='ltr'><strong>secedunt,</strong></span> <span class='ocrx_word' id='word_1_99' title='bbox 641 2917 764 3020; x_wconf 81' lang='lat' dir='ltr'><strong>ibique</strong></span> <span class='ocrx_word' id='word_1_100' title='bbox 788 2932 933 2994; x_wconf 84' lang='lat' dir='ltr'><strong>noctem</strong></span> <span class='ocrx_word' id='word_1_101' title='bbox 952 2941 1022 3016; x_wconf 82' lang='lat' dir='ltr'><strong>op·</strong></span> 
     </span>
     <span class='ocr_line' id='line_1_20' title="bbox 204 3026 1022 3139; baseline -0.004 -26"><span class='ocrx_word' id='word_1_102' title='bbox 204 3037 394 3139; x_wconf 86' lang='lat' dir='ltr'><strong>periuntur</strong></span> <span class='ocrx_word' id='word_1_103' title='bbox 408 3071 417 3112; x_wconf 72' lang='grc' dir='ltr'><strong>ι</strong></span> <span class='ocrx_word' id='word_1_104' title='bbox 431 3033 530 3110; x_wconf 84' lang='lat' dir='ltr'><strong>fessis</strong></span> <span class='ocrx_word' id='word_1_105' title='bbox 556 3035 640 3110; x_wconf 87' lang='lat' dir='ltr'><strong>dein</strong></span> <span class='ocrx_word' id='word_1_106' title='bbox 664 3026 782 3113; x_wconf 86' lang='lat' dir='ltr'><strong>multo</strong></span> <span class='ocrx_word' id='word_1_107' title='bbox 804 3036 1022 3137; x_wconf 77' lang='lat' dir='ltr'><strong>vincatque</strong></span> 
     </span>
     <span class='ocr_line' id='line_1_21' title="bbox 203 3151 1129 3258; baseline -0.003 -28"><span class='ocrx_word' id='word_1_108' title='bbox 203 3181 337 3232; x_wconf 88' lang='lat' dir='ltr'><strong>somno</strong></span> <span class='ocrx_word' id='word_1_109' title='bbox 354 3153 537 3250; x_wconf 79' lang='lat' dir='ltr'><strong>narbaris,</strong></span> <span class='ocrx_word' id='word_1_110' title='bbox 560 3181 642 3258; x_wconf 76' lang='lat' dir='ltr'><strong>quoe</strong></span> <span class='ocrx_word' id='word_1_111' title='bbox 663 3171 816 3258; x_wconf 87' lang='lat' dir='ltr'><strong>utraque</strong></span> <span class='ocrx_word' id='word_1_112' title='bbox 841 3179 909 3255; x_wconf 83' lang='lat' dir='ltr'><strong>per</strong></span> <span class='ocrx_word' id='word_1_113' title='bbox 929 3151 1023 3228; x_wconf 69' lang='lat' dir='ltr'><strong>laeti«</strong></span> <span class='ocrx_word' id='word_1_114' title='bbox 1115 3235 1129 3254; x_wconf 29' lang='grc' dir='ltr'>χ</span> 
     </span>
     <span class='ocr_line' id='line_1_22' title="bbox 203 3259 1024 3378; baseline -0.005 -30"><span class='ocrx_word' id='word_1_115' title='bbox 203 3274 292 3348; x_wconf 82' lang='lat' dir='ltr'><strong>tiam</strong></span> <span class='ocrx_word' id='word_1_116' title='bbox 311 3271 613 3374; x_wconf 77' lang='lat' dir='ltr'><strong>securitatemque</strong></span> <span class='ocrx_word' id='word_1_117' title='bbox 626 3265 725 3373; x_wconf 65' lang='lat' dir='ltr'><strong>pacis</strong></span> <span class='ocrx_word' id='word_1_118' title='bbox 736 3259 1024 3378; x_wconf 70' lang='lat' dir='ltr'><strong>intervenerant-³,</strong></span> 
     </span>
     <span class='ocr_line' id='line_1_23' title="bbox 202 3383 1025 3497; baseline -0.009 -25"><span class='ocrx_word' id='word_1_119' title='bbox 202 3392 323 3472; x_wconf 77' lang='lat' dir='ltr'><strong>multu</strong></span> <span class='ocrx_word' id='word_1_120' title='bbox 336 3383 476 3470; x_wconf 73' lang='lat' dir='ltr'><strong>silentiu</strong></span> <span class='ocrx_word' id='word_1_121' title='bbox 492 3391 538 3469; x_wconf 86' lang='lat' dir='ltr'><strong>ad</strong></span> <span class='ocrx_word' id='word_1_122' title='bbox 549 3392 731 3473; x_wconf 82' lang='lat' dir='ltr'><strong>civitatem</strong></span> <span class='ocrx_word' id='word_1_123' title='bbox 745 3392 936 3494; x_wconf 74' lang='lat' dir='ltr'><strong>navigant,</strong></span> <span class='ocrx_word' id='word_1_124' title='bbox 949 3401 1025 3497; x_wconf 55' lang='lat' dir='ltr'><strong>serf·</strong></span> 
     </span>
    </p>
   </div>
   <div class='ocr_carea' id='block_1_6' title="bbox 0 0 1146 4000">
    <p class='ocr_par' dir='ltr' id='par_1_6' title="bbox 0 0 1146 4000">
     <span class='ocr_line' id='line_1_24' title="bbox 0 0 1146 4000; baseline 0 2"><span class='ocrx_word' id='word_1_125' title='bbox 0 0 1146 4000; x_wconf 95' lang='lat' dir='ltr'><strong> </strong></span> 
     </span>
    </p>
   </div>
   <div class='ocr_carea' id='block_1_7' title="bbox 1138 35 1145 939">
    <p class='ocr_par' dir='ltr' id='par_1_7' title="bbox 1138 35 1145 939">
     <span class='ocr_line' id='line_1_25' title="bbox 1138 35 1145 939; baseline 0 0"><span class='ocrx_word' id='word_1_126' title='bbox 1138 35 1145 939; x_wconf 95' lang='lat' dir='ltr'><strong> </strong></span> 
     </span>
    </p>
   </div>
  </div>
 </body>
</html>
