2284 4000
268 338 270 341 ⁵
337 371 508 435 trvau-
540 368 768 435 secoro.
909 365 953 462 87

145 494 274 573 mortis
295 514 482 595 expetens,
497 479 645 572 infestus
665 499 778 574 aciem
798 497 959 595 invadit,

146 630 256 714 atque
270 614 400 718 fugatis
413 641 504 716 quos
516 617 705 691 adversum
720 616 830 712 ierat,
846 618 961 719 quum

148 733 325 808 obstinate
351 735 519 838 Ulyssem
546 734 640 808 iuter
661 735 802 828 vineas,
824 764 903 836 quae
928 735 963 812 ei

118 869 121 874 “
146 848 230 926 loco
248 852 422 951 adjunctae
441 864 563 944 eraut,
579 852 849 953 insequeretur,
868 880 963 950 prae·

149 967 292 1070 peditus
312 985 439 1071 trunco
465 968 545 1046 ritis
564 970 646 1044 ruit.
669 973 710 1046 ld
728 966 789 1045 ubi
808 963 962 1048 Achilles

111 1138 113 1146 ,
150 1087 276 1188 procul
295 1085 565 1183 auinmdrertit,
586 1088 698 1162 telum
714 1087 887 1191 jaculatus
905 1090 963 1166 fe-

151 1235 237 1280 mur
252 1205 434 1281 sinistrum
457 1206 490 1280 ei
504 1206 692 1309 transfigit.
714 1211 764 1280 At
781 1191 974 1306 Telephus·

152 1325 307 1424 impigre
336 1351 543 1426 resurgens,
567 1325 706 1400 ferrum
739 1353 782 1400 ex
811 1352 964 1424 corpore
997 1335 1001 1341 ⁴

153 1442 331 1536 extrahit,
351 1459 387 1515 et
402 1457 585 1539 protectus
598 1469 775 1518 concursu
793 1470 965 1538 suorum,

125 1585 128 1588 ’
151 1560 197 1634 ab
209 1558 353 1634 instanti
365 1557 523 1657 pernicie
538 1559 707 1634 liberatus
720 1575 784 1636 est.
858 1651 861 1656 Ι
918 1625 922 1632 .

404 1757 611 1825 CAPUT
645 1757 715 1826 IV.
780 1767 786 1811 ι’

201 1899 353 1992 Jauotiu
376 1901 447 1978 diei
472 1905 687 2007 plerumque
713 1915 961 2003 processerat,

155 2050 269 2125 quum
282 2040 433 2125 utraque
445 2024 520 2098 acie
534 2024 668 2099 intenta
678 2022 799 2122 praelio
813 2013 981 2100 sirie'ulla''
1081 2030 1085 2039 ’

9 2145 17 2156 ’
138 2142 301 2243 requie,
319 2171 360 2217 ac
375 2141 453 2243 jugi
467 2143 668 2218 certamine
676 2143 831 2216 strenuis·
838 2145 968 2219 adver*

156 2274 236 2332 s'um
266 2284 303 2333 se
333 2256 509 2354 ducibus,
540 2260 763 2363 fatigaretur.
796 2262 974 2363 Namque

155 2393 295 2452 nostros
303 2377 502 2452 multorum
512 2379 654 2453 dierum
663 2377 970 2481 navigioaliq'uan-

157 2510 235 2569 tum
245 2498 433 2571 exhaustos
441 2494 978 2595 ,maximepraeseutiaTelephi'
1014 2514 1029 2521 “

156 2610 413 2691 debilitaverat.
426 2620 461 2691 ls
473 2642 631 2717 namque
640 2614 798 2688 Hercule
809 2613 977 2716 genitus,

155 2761 327 2837 procerus
339 2762 514 2834 corpore,
528 2762 570 2807 ac
581 2731 719 2831 pollens
732 2732 867 2809 viribus
881 2732 973 2809 divi.
996 2820 1005 2833 ι
1100 2742 1105 2751 ’

102 2915 106 2922 .
157 2851 213 2927 riis
241 2852 352 2951 patris
377 2851 567 2928 virtutibus
595 2838 781 2949 propriam
816 2850 981 2953 gloriam
1012 2844 1014 2847 ⁵

156 2969 445 3071 aequiparaverat.
469 2968 584 3071 Igitur
607 2968 819 3044 adventante
837 2982 965 3061 nocte,

154 3088 295 3165 cunctis
306 3088 544 3187 cupientibus,
553 3086 693 3190 requies
702 3086 785 3161 belli
793 3086 887 3161 facta
895 3101 947 3161 est
959 3114 968 3157 z

155 3208 310 3283 acMoesi
320 3234 356 3281 se
366 3208 411 3283 ad
420 3208 594 3303 domum,
608 3207 720 3281 nostri
733 3206 778 3279 ad
791 3232 898 3280 naves
912 3200 970 3276 di-

155 3324 385 3428 grediuntur.
403 3329 583 3401 Caeterum
598 3325 636 3400 in
649 3354 690 3399 ea
703 3351 823 3427 pugna
839 3320 971 3395 utrius-

158 3463 230 3546 que
251 3437 426 3529 exerei'tus
445 3445 626 3527 interlecti
650 3442 756 3525 multi
775 3439 944 3524 mortales
953 3466 984 3537 ‚¹
