2284 4000
306 306 472 369 niver
507 299 727 361 sucorum
857 266 927 353 183

111 440 308 499 memnone
321 437 500 499 coenatum
513 423 751 498 deducuntur.
766 420 821 496 lbi
832 415 931 522 Ajax'

111 539 343 617 conlaudatus
359 568 380 613 a
401 568 505 643 rege,
524 540 628 616 donis
642 540 797 643 egregiis
807 537 930 615 hono*

59 684 63 689 ·
111 672 214 734 retur
229 688 237 729 :
252 686 370 758 neque
384 658 511 760 reliqui
528 660 637 735 duces
654 660 745 735 facte
758 675 930 761 gestaque

111 774 180 853 vin·
192 774 332 850 silentio
347 776 537 851 remittunt
555 808 563 870 ς
579 776 714 878 quippe
726 776 857 879 singuli
869 767 931 851 exis'

113 892 277 969 tollentes
296 894 487 989 virtutem,
504 897 710 971 memorare
728 895 836 971 fortia
855 879 937 1001 faci·

115 1028 171 1105 ta,
183 1038 321 1088 eversas
333 1014 431 1088 abeo
444 1013 859 1115 totPhrygiaecivitates‚
871 1014 932 1087 eh·

113 1128 310 1231 ductasque
329 1131 487 1228 praedas,
514 1146 552 1205 et
574 1131 621 1205 ed
647 1111 872 1235 postremum
892 1129 932 1202 in

116 1248 204 1351 ipsis
229 1247 377 1324 navibus
402 1249 592 1324 adversum
613 1250 813 1346 Hectorem
830 1246 936 1351 egre&

117 1364 215 1467 giam
233 1391 412 1467 pugnem,
438 1366 675 1467 liberatasque
698 1366 774 1470 igni
795 1367 932 1442 classes.

120 1484 251 1584 Neque
260 1482 429 1585 cuiquam
438 1481 592 1557 dubium
599 1538 612 1578 ,
625 1482 713 1585 quin
725 1512 766 1558 ea
778 1471 936 1583 tempesss

117 1616 213 1696 tate,
246 1616 301 1675 tot
330 1598 483 1703 egregiis
515 1626 557 1674 ac
586 1598 835 1698 pulcherrimis
856 1601 934 1701 ejus

119 1717 361 1813 facinoribus,
386 1744 467 1816 spes
487 1743 615 1792 omnes
632 1733 740 1819 atque
758 1743 846 1816 opes
861 1718 936 1791 mi·
1004 1723 1017 1741 ‘

118 1835 202 1917 litiae
215 1835 253 1909 in
263 1835 324 1911 teli
337 1835 413 1913 viro
423 1836 641 1911 sisterentur.
656 1839 840 1913 Caeterum
851 1859 938 1934 pro-

24 2029 29 2040 ,
96 1984 99 1989 ·
119 1980 177 2031 ras
197 1953 352 2030 duarum
371 1953 537 2050 navium,
557 1954 687 2056 quibus
704 1952 822 2030 illatus
840 1951 936 2057 ignis

4 2117 5 2120 ¹
119 2089 357 2172 campartem
373 2074 629 2149 tantummodo
647 2088 938 2171 consumpserat,

120 2190 231 2291 Epioe
249 2191 348 2268 brevi
364 2192 528 2268 restituit.
552 2196 723 2293 Tumque
738 2191 853 2267 Graeci
870 2189 938 2266 rati

124 2319 207 2410 'post
232 2310 366 2384 malem
395 2331 557 2413 pugnam
586 2311 778 2411 Thujanos·
791 2308 939 2384 ulterius

122 2427 212 2504 nihil
240 2427 365 2504 hostile
386 2443 557 2525 ausuros,
569 2448 574 2458 ¹
587 2427 701 2530 quieti
716 2455 757 2503 ac
774 2425 849 2504 sine
867 2442 941 2504 ter·
1024 2517 1028 2521 ³

124 2551 207 2630 rore
224 2573 341 2650 egere.
794 2567 797 2575 '

347 2873 552 2946 CAPUT
590 2873 722 2946 XLV.

172 3033 250 3106 Prin
266 3028 364 3120 idem
383 3044 527 3126 tempus
544 3027 684 3103 Rhesus
704 3023 820 3124 Ejone
841 3009 942 3125 geni-

127 3167 205 3244 tus,
219 3148 317 3222 haud
334 3145 469 3220 alienus
486 3144 654 3218 aPriami
666 3141 842 3235 amicitia,
859 3166 944 3238 pac-

126 3284 163 3344 ta
188 3264 356 3341 mercede
381 3288 466 3338 cum
477 3262 619 3364 magnis
631 3261 815 3335 Thracum
831 3254 944 3354 copiis
990 3320 994 3324 ,

122 3383 348 3467 adventabat.
363 3386 397 3460 Is
409 3381 586 3476 incidente
599 3378 676 3484 jam
689 3401 836 3480 vespera
853 3399 945 3485 pate,
