2284 4000
297 305 751 366 n1vnsaanu1nn.
834 265 933 385 Χ’59

114 429 200 505 ficio
222 428 398 516 adornant
422 457 431 498 ε
456 451 570 528 quum
593 450 674 499 eece
694 423 768 498 dies
781 421 934 520 foedari,

118 564 156 622 et
168 545 300 622 coelum
315 542 439 618 nubilo
456 542 531 645 tegi
543 540 672 640 coepit:
688 540 771 614 dein
784 557 935 640 repente

118 663 300 759 tonitrua,
324 685 470 738 corusca
493 659 671 754 fulmina,
685 675 854 759 praeterea
868 674 938 735 ter⁴

119 813 170 862 1ae
183 782 364 883 manisque
376 781 504 882 ingens
515 794 659 875 motus,
672 792 780 880 atque
792 779 839 852 ad
854 804 938 878 poe

123 913 286 978 tremum
299 898 508 976 confusione
521 897 612 973 aeris
623 915 789 999 ereptum
800 897 924 976 lumen
933 913 947 974 .’

127 1022 260 1120 Neque
286 1018 405 1100 multo,
421 1033 503 1120 post
516 1016 689 1092 imbrium
704 1033 813 1120 atque
832 1045 941 1121 gran·

129 1137 223 1213 dinis
245 1136 298 1214 vis
314 1165 455 1240 magna
477 1136 708 1236 praecipitata.
738 1141 837 1212 Inter
863 1166 943 1241 quae

129 1275 208 1334 tam
222 1273 332 1352 tetra,
347 1243 444 1332 nulla
463 1255 587 1357 requie
606 1255 846 1357 tempestatis,
864 1260 945 1354 Me·

130 1378 256 1456 nelaus
268 1404 353 1452 eum
368 1375 423 1450 his
438 1375 502 1477 qui
518 1374 733 1452 sacrificium
749 1375 945 1473 curabant,

129 1511 237 1586 ,metu
257 1509 365 1596 atque
392 1492 606 1568 hesitatione
630 1493 790 1572 diversus
813 1496 949 1601 ageba-

127 1629 198 1700 ⁴¹tur
231 1643 240 1685 ε
267 1610 394 1687 terreri
424 1609 559 1712 quippe
585 1610 705 1708 primo
728 1611 844 1688 subita
867 1613 949 1691 coeli

137 1729 435 1832 permutatione,
475 1726 585 1828 idque
614 1728 759 1831 signum
787 1730 952 1811 divinum

134 1849 307 1926 eredere:
323 1847 407 1922 dein
416 1873 461 1923 ne
474 1861 633 1946 coeptum
646 1847 878 1948 omitterent,
892 1849 953 1930 de·

141 1969 312 2063 trimento
323 1966 479 2043 militum
488 1968 723 2044 commoveri.
734 1968 848 2074 Igitur
858 1969 954 2049 inter

141 2104 279 2164 tantam
292 2085 403 2160 animi
413 2085 695 2183 dubitationem,
708 2113 779 2165 vox
789 2092 955 2192 quaedam

11 2246 17 2255 ·
142 2206 226 2283 luco
252 2204 400 2298 emissa,
427 2196 609 2302 a'speinari
634 2226 772 2280 numen
793 2207 956 2285 sacrificii

144 2351 259 2429 genus
269 2382 294 2419 ,y
307 2339 343 2398 et
365 2322 413 2397 ob
429 2320 467 2396 id
482 2321 736 2400 abstinendum
757 2353 779 2399 a
803 2352 958 2426 corpore

147 2443 319 2545 uirginis5
347 2432 511 2519 misereri
533 2468 693 2543 namque
719 2444 797 2545 ejus
823 2447 956 2521 deam:

147 2576 318 2637 caeterum
333 2587 401 2660 pro
420 2574 521 2635 tanto
536 2559 719 2658 facinore,
735 2562 817 2637 satis
833 2552 960 2665 poenass·

151 2706 236 2757 rum
260 2654 528 2784 Agamemnoni
552 2708 573 2753 a
599 2680 753 2783 conjuge
777 2681 855 2782 ejus
879 2696 982 2782 post,

153 2797 350 2898 Troianam
359 2796 545 2878 victonam
553 2814 802 2897 comparatum
818 2831 826 2871 :
841 2801 964 2903 itaque

154 2933 322 2995 curarent
336 2916 395 3013 id,
412 2918 511 3019 quod
522 2916 562 2991 in
576 2915 693 2994 vicem
704 2917 850 3021 virginis
862 2920 966 2995 obla-

158 3051 237 3111 tum
263 3034 623 3130 animadverterent,
640 3030 842 3112 immolare.
872 3038 967 3112 Dein

156 3182 299 3255 coepere
315 3155 412 3233 venti
423 3171 531 3262 atque
541 3154 720 3251 fulmina,
736 3154 875 3257 aliaque
889 3182 970 3256 quae

155 3271 201 3349 in
218 3300 353 3379 magno
375 3272 456 3353 coeli
476 3288 583 3368 motu
596 3271 685 3355 oriri
700 3261 815 3354 solent
823 3328 838 3371 ,
851 3297 973 3358 conse⁸
1060 3327 1063 3342 ·

159 3416 316 3471 noscere.
