2284 4000
317 274 481 335 tirus
520 257 742 329 sne'onna
868 246 935 352 175

126 401 183 471 tos
213 395 422 475 Graecorum
450 393 586 500 sagittis
610 391 787 497 configit
804 391 941 491 Neque

126 514 227 615 prius
244 514 324 589 finis
337 515 470 609 factus,
483 536 595 615 quam
606 511 802 589 Diomedes
813 509 941 584 atroci·-

127 648 202 710 tate
226 633 280 709 rei
303 626 446 728 motus,
471 657 751 735 progressusque
776 627 942 705 cominus

128 749 711 849 telohostemprostemeret.Hoc
721 746 835 857 modo
845 748 943 820 Pan-

5 940 9 949 ,
59 962 60 966 ¹
130 868 239 943 dans
259 867 464 945 certaminis
480 868 625 951 foedere
649 865 806 961 violato,
834 880 946 967 atque

127 986 355 1085 interemptis
365 984 507 1078 multis,¹
521 985 567 1059 ad
579 994 805 1084 postremum
818 1006 945 1084 poenas

128 1102 407 1177 sceleratissimae
420 1102 554 1177 militiae
566 1101 644 1176 luit.
659 1105 839 1178 Ceterum
859 1128 945 1177 cor-

129 1245 202 1320 pus
229 1218 306 1320 ejus
334 1217 525 1294 liberatum
555 1247 598 1294 ex
634 1219 731 1314 acie,
755 1217 949 1297 Priamidae

130 1335 208 1441 igni
228 1354 390 1413 cremant
405 1336 668 1441 :reliquiasque
686 1336 773 1414 socii
800 1335 948 1413 traditas

132 1452 201 1530 sibi
219 1456 371 1559 Lyciam
388 1454 427 1531 in
450 1455 567 1533 solum
581 1456 738 1557 patrium
752 1456 951 1559 pertulere

131 1574 283 1649 Interim
297 1589 450 1677 uterque
464 1573 640 1650 exercitus
651 1575 754 1678 signo
767 1576 851 1651 dato
863 1601 947 1650 ma-
980 1603 985 1613 ·

133 1720 202 1767 nus
228 1711 420 1769 conserunt
436 1698 732 1795 §pugnantesque
752 1694 948 1775 visumma
966 1720 970 1727 ’

134 1826 250 1914 atque·
267 1812 414 1913 ancipiti
434 1812 608 1907 fortuna,
623 1810 760 1887 bellum
780 1812 828 1889 ad
842 1838 951 1892 ocos·

136 1955 218 2006 sum
234 1929 316 2006 solis
328 1932 544 2030 producunt.
562 1916 707 2009 Sedubi
724 1957 797 2008 nox
810 1931 965 2010 adven-1

135 2039 247 2146 tabat,
255 2051 438 2152 utrimque
445 2050 951 2155 regessubductahaudlonge

134 2167 455 2263 acie,.custodibus
481 2167 620 2242 idoneis
644 2166 819 2244 exercitus
842 2193 950 2245 com-

135 2287 312 2363 muniere.
328 2291 382 2361 lta
398 2313 464 2386 per
477 2285 616 2388 aliquot
627 2285 704 2362 dies
714 2301 861 2387 tempus
870 2287 953 2363 bel-

135 2403 235 2480 landi
257 2403 509 2502 opperientes,
524 2404 691 2480 'militem
718 2403 949 2506 frequentem

137 2538 321 2600 armatum
344 2524 477 2598 frustra
501 2522 679 2600 habuere
695 2524 869 2624 Namque
886 2523 952 2600 ubi

137 2633 267 2744 hyems
298 2641 514 2737 adventare,
550 2657 595 2716 et·
616 2639 792 2714 imbribus
818 2643 953 2718 crebris

135 2759 311 2859 compleri
331 2771 475 2860 'coepere
502 2758 648 2858 campi,
677 2759 826 2834 Barbari
856 2761 952 2837 intra

10 2945 13 2950 .
135 2905 261 2956 muros
290 2880 434 2955 abeunt.
469 2880 520 2954 At
555 2876 669 2952 nostri
701 2877 801 2955 nullo
828 2881 951 2980 palam

137 2995 241 3072 hoste
257 2994 406 3101 digressi
431 2996 478 3070 ad
509 3021 640 3090 naveS,
658 2996 783 3102 munia
810 2997 952 3100 hyemis

140 3115 337 3214 disponunt
353 3146 360 3185 :
376 3107 538 3216 moxque
544 3114 716 3214 bipertito
731 3117 954 3217 campo,qui

139 3231 297 3333 reliquus
324 3257 400 3306 uon
427 3259 556 3334 pugnae
586 3249 813 3336 opportunus
833 3248 951 3328 erat,

141 3366 292 3454 utraque
312 3377 394 3454 pars
411 3351 524 3429 aratui
546 3350 731 3451 insistere,
744 3377 867 3430 serere.
877 3349 970 3458 ssu-g
