2284 4000
265 353 455 433 ¹itm
496 349 715 407 secoro.
845 307 913 429 187

309 570 515 643 CAPUT
546 570 711 642 XLVI.

47 830 50 837 .
143 777 286 865 Nsoor
305 778 421 853 molto
441 794 522 877 post
534 775 692 853 ‘llrraoe‘s
704 770 767 852 irbi
790 803 919 877 exper-

88 896 260 1003 gefactio
275 923 403 971 somno
410 954 423 990 ‚
432 924 557 998 regem
566 896 824 996 interemptum
833 954 846 990 ‚
855 896 919 973 foe·

90 1008 185 1086 dam
199 1011 329 1089 faciem
342 1013 435 1087 intra
452 1014 606 1090 tentoria
618 1015 901 1091 animadvertere
905 1026 926 1109 ‚'

91 1128 134 1205 et
151 1120 301 1232 vestigia
316 1128 460 1207 abducti
477 1159 603 1207 currus
616 1132 804 1207 manifesta
816 1148 918 1222 sunt5

91 1248 235 1349 raptim
251 1276 293 1324 ae
309 1248 384 1323 sine
403 1249 482 1324 ullis
502 1250 708 1347 ordinibus,
726 1266 767 1325 ut
787 1277 921 1352 quem-
942 1254 951 1257 ’
1073 1294 1080 1303 1

93 1396 173 1471 que
187 1394 263 1441 sors
278 1368 574 1470 conglobaverat,
586 1369 633 1442 ad
645 1395 752 1445 naves
765 1368 918 1445 evolant.

93 1486 242 1589 Quibus
260 1486 386 1585 procul
406 1486 508 1583 visis,
529 1486 642 1561 nostri
656 1486 809 1563 conferti
827 1487 922 1577 inter

94 1632 156 1699 se,
171 1603 749 1705 atqueimperia'servantes‚eunt
762 1606 919 1682 obviem.
989 1652 1005 1672 x
1109 1612 1114 1622 “

95 1722 173 1807 Sed
193 1721 323 1821 Ajaees
344 1722 417 1795 duo
439 1720 477 1796 in
497 1720 721 1823 aliquantum
742 1721 817 1797 acie
834 1748 924 1820 pro-

98 1839 237 1943 gressi,
255 1840 393 1939 primos
414 1841 598 1941 Thracum
617 1839 791 1917 invadunt
814 1856 924 1950 atqoe

95 1958 327 2064 opprimunt.
337 1959 432 2036 Dein
444 1958 574 2062 reliqui
582 1959 690 2040 duces
698 1975 759 2055 ,ut
770 1958 926 2064 quisque
941 2057 944 2060 .

100 2077 225 2154 locum
252 2096 415 2178 ceperat,
440 2081 575 2157 credere
594 2079 777 2184 singulos:
807 2096 845 2155 et
861 2069 944 2155 ubi'

103 2187 258 2274 conferti
276 2211 468 2292 steterant,
487 2197 563 2272 bini
578 2213 642 2275 ¹sut
657 2196 812 2296 amplius
834 2223 926 2272 con-

105 2301 263 2416 gregati,
282 2315 421 2414 impetu
446 2342 510 2391 suo
537 2315 728 2394 dissolvere
751 2347 760 2386 :
780 2343 822 2391 ac
837 2342 926 2390 mox

105 2432 284 2529 dispersos
296 2432 526 2534 palantesque
541 2433 742 2519 interficere
750 2489 762 2528 ,
779 2459 926 2532 prorsus

106 2548 162 2624 uti
178 2547 295 2622 nullus
312 2549 469 2652 reliquus
486 2551 589 2627 caedis
605 2550 718 2626 fieret.
734 2553 791 2635 Ac
803 2550 926 2626 statim
969 2587 972 2592 ·

106 2667 210 2768 Gra'ji
220 2725 231 2761 ,
242 2667 422 2774 exstinctis
435 2668 496 2770 qui
511 2669 700 2746 adversum
710 2669 843 2763 ierant,
852 2668 927 2772 sig-

108 2812 158 2860 no
187 2785 271 2860 dato
291 2785 336 2860 ad
366 2787 518 2862 tentoria
541 2813 669 2862 eorum
689 2803 857 2890 pergunt.
876 2791 928 2862 At

106 2903 157 2979 illi
174 2904 237 3006 qui
253 2905 415 2980 custodes
431 2905 551 2982 castris
567 2905 681 2982 relicti
694 2905 761 2980 soli
777 2933 928 3006 supere-

13 3017 20 3032 *
107 3039 209 3120 rant,
232 3023 315 3108 visis
336 3041 460 3104 contra
479 3025 664 3120 hostibus,
690 3030 828 3101 throre
848 3027 927 3123 ipso

110 3142 355 3216 miserandum
366 3143 402 3218 in
412 3145 565 3220 modum
575 3144 791 3238 effeminati,
805 3145 929 3217 omni-

111 3259 339 3334 busamissis
359 3263 405 3336 ad
430 3263 561 3344 moenia
582 3263 807 3366 confugiunt.
819 3260 928 3338 ¹'sum

110 3375 267 3480 undique
299 3407 417 3456 versus
442 3381 554 3460 nostri
583 3381 929 3480 irruentes‚.arma‚

837 3655 847 3664 .
884 3620 897 3665 l
