2284 4000
280 289 468 337 ourani:
495 289 553 335 na
580 286 736 335 rnorr.
790 270 792 277 “
845 257 916 333 233

20 417 23 421 ’
104 398 247 498 phobus
276 429 285 470 ι
319 415 503 502 pugnatur
525 399 659 473 ‘acriter
687 427 707 472 a
737 394 921 496 Troianis.-

78 566 80 570 ·
107 523 292 621 Sarpedon
311 525 444 627 Lycius
460 552 544 599 curn
556 524 629 599 suis
646 522 920 623 impressionem

110 649 149 722 in
173 648 328 750 Argivos
349 650 456 743 facit,
477 646 597 742 caedit,
619 646 812 746 prosternit
827 645 922 719 mul·

111 789 178 848 tos.
202 777 247 849 Et
267 774 395 850 obvius
416 774 456 846 lit
477 772 711 871 Tlepolemus
728 771 892 849 Rhodius
911 802 919 844 :
941 816 946 821 ,

111 898 175 972 sed
192 897 255 970 diu
273 896 403 970 stando
416 912 453 970 et
469 896 665 1000 pugnando
687 896 781 972 male
800 898 925 974 vulne-

112 1040 211 1099 ratus
229 1022 334 1099 cadit.
353 1022 517 1099 Succedit
538 1025 661 1099 Perses
681 1024 862 1099 Admestae
882 1024 929 1098 sr-

111 1151 198 1241 lius‚
212 1148 374 1247 praelium
389 1148 565 1223 restituit:
585 1149 719 1251 diuque
739 1176 824 1225 cum
841 1152 926 1227 Sar-

71 1357 87 1368 ae
112 1274 255 1372 pedone
287 1273 453 1346 cominus
482 1276 680 1375 pugnando
693 1268 715 1371 ‚'
738 1274 923 1351 occiditur.

111 1399 296 1498 Sarpedon
311 1424 457 1499 quoque
479 1397 652 1473 multatus
668 1398 784 1474 rediit.
800 1404 926 1500 ltaque

112 1550 179 1623 per
204 1522 341 1623 aliquot
366 1523 441 1597 dies
471 1521 590 1621 praelia
613 1522 715 1596 liunt.
744 1525 929 1626 Utrinque

114 1648 280 1721 ductores
292 1645 523 1741 occiduntur,
536 1646 600 1721 sed
608 1646 728 1744 plures
738 1648 923 1723 aPriamo.

114 1772 266 1869 Trojani
279 1772 427 1845 mittunt
441 1771 595 1873 legatos,
608 1770 771 1847 inducias·
780 1788 927 1873 petunt,

21 1967 23 1974 ,
113 1915 153 1973 ut
187 1913 352 1972 mortuos
389 1895 592 1996 sepeliant,
624 1896 760 1989 saucios
789 1916 925 1990 curent.
1043 1920 1045 1923 ’

113 2023 319 2129 Palamedes
335 2024 653 2123 Agamemnonem
666 2021 825 2126 legatum
839 2024 930 2131 mit-

114 2148 218 2224 titan
231 2132 425 2243 Thesides,
438 2147 759 2246 Demophoontem
772 2129 930 2224 etAtha·
1027 2187 1030 2198 =

115 2288 305 2367 mantem,
322 2298 412 2374 quos
423 2270 561 2375 legatos
573 2274 829 2378 Agamemnon
840 2301 929 2374 prac-

114 2392 266 2490 lecerat‚
283 2413 324 2472 ut
346 2409 570 2471 commeatus
593 2415 864 2496 compararent,
892 2415 928 2475 et

115 2522 342 2595 frumentum
365 2521 410 2593 de
430 2521 548 2623 Mysia
569 2551 590 2594 a
612 2521 775 2622 Telepho
800 2527 930 2626 accepss

111 2661 190 2721 tum
213 2659 478 2742 supportarent.
501 2645 555 2719 Ut
577 2671 621 2718 eo
640 2645 760 2740 venit,
783 2647 943 2724 seditio·-

111 2792 197 2840 nem
219 2759 423 2836 Palamedis
446 2778 578 2836 narrat.
616 2763 670 2839 llli
700 2764 850 2864 moleste
878 2768 930 2843 fe·

110 2899 206 2957 runt.
228 2884 485 2984 Agamemnon
505 2881 591 2958 dicit
610 2908 650 2957 se
671 2883 823 2962 moleste
853 2913 929 2962 non

111 3001 227 3096 ferre,
241 3025 304 3074 sua
314 2998 497 3074 voluntate
518 2999 556 3072 id
574 3000 710 3083 factum
730 3029 815 3080 esse.
832 3007 932 3080 lnte.

112 3147 171 3194 rea
184 3117 393 3192 Palamedes
406 3143 513 3193 naves
531 3119 791 3218 comparandas
806 3139 930 3218 curat,

108 3253 219 3314 castra
231 3235 362 3329 munit,
371 3235 529 3311 turribus
541 3237 753 3314 circumdat.
772 3240 928 3340 Trojani

8 3424 9 3481 p
106 3355 304 3434 exereitum
337 3371 503 3430 exercent
514 3411 527 3449 ,
555 3383 707 3430 murum
730 3345 936 3458 diligenter-¹
