2284 4000
221 287 293 365 260
406 310 576 365 ontnnr
604 314 657 365 nr
682 314 858 369 rentes·

458 469 650 557 cnrrr
682 490 797 559 xvr.

217 678 238 711 ³
272 657 333 731 Ar
350 654 446 755 apud
469 657 622 757 Trojnm
643 657 841 757 uhispolia
863 652 1046 747 Hectoris

224 772 924 877 desuperemurisanimadvertere,quae
932 779 1046 854 Graea·

224 890 255 969 ri
270 907 447 991 praerepto
464 892 558 995 regis
563 913 584 987 ‚·
593 908 675 966 ante
692 919 757 967 ora
772 894 930 994 hostiurn
944 921 1044 993 prae-

215 1008 398 1103 tulerant,
411 1024 447 1083 et
460 1008 518 1083 ille
531 1008 596 1111 qui
617 1009 741 1086 excisis
752 1008 919 1086 manibus
937 1038 1043 1085 neer-

225 1125 379 1201 bissimoe
390 1124 443 1200 rei
454 1125 627 1201 indicium
640 1126 679 1199 in
691 1127 811 1225 seipse
822 1127 1043 1226 pertulerat,

229 1243 1043 1347 remutgestaernt‚disseruit;tentusunrlique

217 1382 352 1439 ¹versus
374 1388 440 1461 per
459 1377 574 1435 totam
593 1362 774 1439 civitatem
797 1362 914 1437 luctus
932 1378 1046 1463 etque

225 1478 367 1554 elamor
379 1480 515 1575 editus,
527 1496 568 1555 ut
585 1507 667 1558 aves
683 1481 792 1557 etiam
810 1495 1045 1558 constematae

222 1597 396 1693 roribus,
411 1583 481 1673 alto
500 1598 671 1673 decidisse
687 1597 939 1691 crederentur,
958 1623 1046 1672 nos-

227 1714 296 1791 tris
318 1744 402 1793 eum
422 1716 650 1793 insultatione
670 1715 945 1792 reclamantibus
969 1747 978 1788 :
1001 1742 1045 1792 ac

233 1860 321 1909 mox
332 1861 377 1908 ex
388 1836 492 1909 omni
504 1850 605 1934 parte
618 1834 705 1907 urbs
720 1833 916 1927 clauditur,
928 1833 1047 1909 freda·

222 1966 296 2040 ¹tur
311 1952 413 2055 regni
426 1952 567 2028 habitus
577 2010 590 2047 ,
602 1968 711 2054 atque
723 1952 760 2027 in
773 1950 927 2027 modum
935 1940 1046 2055 lngu-
1068 1935 1075 1953 i

201 2071 203 2076 ’
222 2071 339 2150 ,brem
350 2071 794 2174 funestumque‚'0bducta
804 2069 912 2145 facies
930 2069 1048 2145 civita-

235 2190 302 2281 tis;
317 2217 452 2290 quum,
469 2191 559 2266 sicut
585 2190 622 2262 in
656 2187 715 2261 tali
749 2187 877 2262 nuntio
899 2187 1049 2283 assolet,

236 2323 384 2406 repente
408 2333 601 2383 concursus
627 2305 882 2406 trepidantium
896 2305 997 2380 fieret
1010 2307 1049 2380 in

238 2425 394 2501 eundem
411 2423 553 2519 locum,
571 2423 749 2500 aestatim
767 2421 843 2496 sine
864 2421 935 2498 ulla
953 2439 1050 2498 certa

230 2543 375 2627 ratione
388 2571 454 2644 per
465 2543 645 2620 diversum
657 2543 763 2643 fuga,
775 2567 872 2616 nunc
887 2540 1049 2639 planctus

140 2673 142 2677 ’
228 2655 1047 2756 ,crebri‚m0dourbet0rastlentiumexincerto.

241 2781 340 2870 Inter
352 2804 430 2880 qnae
443 2795 480 2854 et
490 2805 569 2877 spes
583 2793 779 2872 extremas,
792 2775 897 2850 multi
907 2775 1053 2852 credere

244 2921 328 2971 eum
355 2911 460 2972 nocte
478 2895 585 2968 simul
610 2894 752 2970 Graecos
767 2891 900 2968 rnoenia
915 2892 1055 2968 inresu-

246 3039 327 3108 ros,
341 3013 592 3114 excisurosque
602 3001 732 3086 urbem
742 3067 756 3104 ‚
781 3034 924 3086 securos
937 3009 1055 3083 interi·

246 3134 286 3205 tu
307 3131 396 3204 tanti
414 3129 513 3205 ducis
531 3160 540 3201 :
561 3127 698 3204 nonulli
713 3127 822 3201 etiam
842 3151 910 3226 pro
929 3125 1056 3201 confir·

248 3263 347 3321 mato
374 3246 524 3337 habere,
547 3246 726 3320 Achillem
752 3242 971 3337 exercitum,
995 3245 1056 3343 qui

250 3365 341 3442 duce
355 3360 577 3442 Penthesilea
588 3361 720 3448 Priami
736 3362 842 3439 rebus
855 3358 984 3436 auxilio
1001 3387 1059 3439 ves
