2284 4000
199 289 272 367 250
382 321 562 369 cunnus
591 323 647 371 ur.
675 322 831 373 raom.

387 515 591 585 carus
624 517 836 610 xnxn.

252 686 407 759 Taurus
431 675 565 788 pugnae
598 685 803 786 supervenit
818 741 830 779 ,
865 683 1021 784 Troiani

203 802 400 880 exercitum
425 802 593 880 educunt.
621 808 758 880 Contra
779 802 907 905 Argivi
928 826 1023 901 pro-

203 913 328 995 deunt.
343 921 499 999 Achilles
517 923 770 1025 Myrmidonas
788 920 953 1013 instruit,
970 919 1019 994 ad

109 1073 113 1077 ·
204 1031 522 1140 Agamemnonem
533 1056 676 1140 paratos
689 1040 812 1113 mittit.
826 1037 883 1113 Fit
896 1064 1022 1139 pugna

204 1159 325 1258 major
348 1191 357 1231 ι
379 1150 508 1235 acriter
524 1160 677 1235 saevitur.
694 1158 838 1235 Troilus
860 1158 957 1233 enim
980 1155 1021 1231 in

205 1277 324 1376 prima
351 1278 426 1353 acie
452 1278 607 1379 Argivos
628 1279 742 1353 caedit
768 1276 1022 1381 Myrmidonas

145 1430 149 1442 ¹
205 1393 433 1495 persequitur
455 1426 464 1467 ε
488 1395 763 1495 impressionem
783 1396 868 1470 facit
888 1388 924 1467 in
944 1419 1023 1468 cas·i

206 1530 261 1587 tra
284 1544 293 1585 ε
319 1512 452 1587 multos
476 1504 607 1589 occidit
630 1504 643 1585 ἐ
670 1512 846 1613 plurimos
871 1512 1015 1587 sauciat.

206 1633 301 1732 Ajax
320 1632 552 1708 Telamonius
571 1632 721 1707 obstitit.
737 1631 887 1733 Trojani
902 1632 1020 1707 victo-

206 1776 263 1825 res
281 1744 320 1824 in
342 1750 519 1850 oppidum
536 1766 776 1827 revertuntur.
795 1754 941 1827 Postera
958 1749 1017 1823 die

205 1864 464 1971 Agamemnon
488 1860 686 1944 exercitum
712 1863 862 1945 educit:
890 1892 1020 1941 omnes

207 1987 316 2065 duces
328 2003 364 2061 et
380 1980 631 2088 Myrmidones
643 1988 880 2096 prodeundi]
894 1998 1019 2060 eontra

203 2101 359 2238 Trojeni
383 2103 452 2178 leeti
475 2105 512 2177 in
535 2105 651 2181 aciem
675 2106 867 2205 prodeunt.
890 2101 1021 2178 Proelio

205 2222 402 2297 commisso
416 2237 572 2324 uterque
597 2223 771 2298 exereitus
792 2221 887 2296 inter
908 2249 945 2296 se
966 2221 1022 2294 di-

162 2439 165 2444 ι
206 2339 370 2416 micant:
392 2339 522 2416 acriter
540 2367 608 2447 per
627 2340 764 2443 aliquot
781 2340 855 2417 dies
876 2367 1021 2442 pugna-

206 2474 297 2532 tur:
287 2456 429 2532 multa
450 2457 562 2532 millia
585 2458 776 2532 hominum
800 2487 857 2534 ex
867 2474 1020 2558 utraque

207 2593 310 2700 parte
330 2575 473 2651 cadunt.
501 2572 646 2652 Troilus
667 2575 918 2678 Myrmidonas
940 2603 1023 2674 per·
1080 2667 1082 2674 Ι

207 2691 391 2794 sequitur,
412 2695 538 2770 sternit
545 2695 692 2798 wfugat
707 2685 964 2799 Agamemnon
980 2709 1022 2766 ut

185 2814 193 2818 ’
214 2812 303 2888 vidit
316 2813 436 2912 plures
448 2840 493 2888 ex
506 2841 569 2888 sua
581 2830 684 2914 parte
697 2813 853 2909 occisos,
868 2812 1028 2887 inducias

208 2934 248 3008 in
271 2934 350 3008 dies
374 2931 519 3034 triginta
546 2933 659 3032 petit,
680 2949 721 3007 ut
746 2958 828 3007 suos
852 2932 1021 3048 funerare
1083 2997 1085 3004 .

206 3051 330 3150 possit
348 3049 513 3124 Priamus
526 3051 686 3127 inducias
699 3051 817 3170 dedit,
830 3051 1023 3202 suosquis-

203 3197 278 3271 que
291 3167 521 3271 sepeliendos
526 3185 638 3246 cruat.
