2284 4000
322 275 503 361 ‘coenan
532 284 585 329 nn
612 280 760 330 nnorn.
878 280 948 355 277

140 394 247 468 Tunc
258 394 430 492 placitum
445 410 499 475 est
511 394 680 469 omnihus
693 411 732 467 ut
746 393 833 467 fides
847 394 954 467 dare-

141 524 201 582 tur
219 526 255 584 et
275 512 509 613 jurejurando
527 512 815 603 confirmaretur,
838 512 953 583 Ante-

137 628 241 722 nori,
267 632 408 723 AEneae,
432 628 655 731 Ucalegoni,
681 627 952 731 Polydamanti,¹

140 747 298 841 Doloni,
315 748 458 846 suisque
478 747 703 843 parentibus,
725 746 845 821 liberis
863 771 954 821 con-

140 863 358 963 jugibusque
385 877 421 936 et
445 862 720 965 consanguineis
741 862 953 963 propinquis

145 995 181 1054 et
198 978 322 1053 amicis
341 979 404 1081 qui
416 1008 488 1053 una
505 982 770 1082 conjurassent,
784 972 953 1054 omnibus

144 1097 253 1170 fidem
281 1099 460 1195 praestari,
486 1097 620 1199 suaque
644 1100 766 1173 onmia
791 1126 888 1173 sacra
919 1113 954 1174 et

142 1214 237 1287 hona
253 1215 446 1289 incolumia
463 1218 594 1299 habere
612 1217 726 1291 liceat.
747 1220 832 1292 Hoc
847 1231 953 1314 pacto

141 1332 371 1424 confirmato,
386 1348 421 1407 et
435 1334 667 1431 jurejurando
681 1333 862 1426 adstricta,
876 1360 956 1405 sua·

145 1448 206 1519 det
221 1450 456 1549 Polydamas,
474 1466 583 1524 noctu
598 1452 794 1525 exercitum
807 1451 852 1524 ad
866 1475 955 1548 por-

146 1580 220 1637 tam
243 1568 376 1639 Scaeam
390 1582 430 1638 ut
442 1566 643 1658 adducant,
665 1566 726 1639 ubi
740 1566 956 1641 extrinsecus

147 1698 253 1779 caput
264 1683 346 1783 equi
358 1683 495 1783 pictum
506 1699 559 1758 est
566 1741 580 1777 ,
591 1684 639 1757 ibi
653 1684 812 1781 praesidia
824 1684 955 1763 habere

47 1806 55 1815 ”
146 1815 256 1872 noctu
275 1803 499 1873 Antenorem
521 1829 605 1875 cum
627 1799 799 1892 Anchise,
821 1798 956 1874 exerci-

147 1930 275 2017 tusque
291 1932 400 1991 noctu
413 1933 556 2016 portam
574 1934 812 2019 reseraturus,
833 1917 954 2018 eisque
975 1951 976 1957 ¹

147 2033 271 2108 lumen
296 2036 509 2133 prolaturos
534 2038 625 2109 Id
598 2063 741 2138 signum
759 2035 956 2168 eruptionis
1013 2095 1014 2100 1

147 2150 240 2244 fore,
250 2153 349 2252 quod
357 2152 406 2226 ibi
414 2169 541 2253 praesto
554 2153 674 2228 forent
685 2181 748 2255 qul
737 2153 806 2229 ad
817 2151 954 2255 regiam

148 2294 209 2342 eos
222 2269 364 2345 ducant
449 2360 453 2363 ¹

381 2690 724 2760 CAPUToX-LI.

200 2865 405 2948 Posrouan
419 2877 520 2959 pacta
528 2861 959 2969 confirmatasunt,Poly-

154 2977 300 3054 damas
290 3006 327 3050 m
340 2979 516 3076 oppidum
530 2981 636 3076 redit,
654 2981 747 3057 facta
760 2985 958 3079 renunciat,

151 3097 237 3171 dicit
253 3097 428 3172 Antenori
444 3112 480 3170 et
495 3100 618 3172 AEneae
627 3101 855 3200 ,caterisque
875 3103 959 3217 (μιῇ-

121 3309 124 3315 ,
151 3215 303 3290 bnscum
325 3230 445 3289 actum
470 3232 564 3309 erat,
590 3233 631 3290 ut-
653 3242 737 3290 suos
759 3243 887 3292 onmes
914 3207 960 3294 ad

150 3335 284 3420 Scaeam
304 3348 449 3432 portam
474 3271 670 3430 addicant,
695 3350 805 3411 noctu
826 3338 960 3413 Scaeam
