2284 4000
232 252 307 332 336
419 273 597 326 sunnon
626 277 678 324 or
705 275 857 326 rnorn.

232 390 342 466 dendi
358 390 531 464 exercitus
546 386 651 459 inisse
672 372 755 461 cnm
772 390 933 466 hostibus
954 417 1043 466 :cm-

230 525 351 582 terum
364 505 551 579 interfecto
565 529 609 578 eo
626 529 808 578 summam
829 506 1049 584 mititiam-1

211 719 214 722 ἱ
232 623 375 715 batam,
393 621 649 720 etademptum
664 621 966 719 complurimum3
985 626 1043 700 cui

231 739 310 816 viro
339 739 486 842 egregio
511 738 667 814 bellandi
687 757 733 813 n'e
757 741 944 814 honestam
968 743 1051 841 qui*

154 897 157 901 ·
231 857 320 934 dem
335 873 516 951 mortem,
530 873 593 931 aut
607 856 709 940 aliter
721 884 831 958 quam
843 856 880 930 in
897 859 1053 935 obscuro

231 991 405 1074 oppetere
424 975 576 1051 licuerit·
599 974 715 1076 Igitur
738 1001 893 1074 propere
920 1003 964 1050 ex
987 978 1051 1054 Ida

230 1109 420 1192 apportata
430 1091 519 1195 ligni
532 1093 584 1167 vis
597 1091 733 1188 multa,
747 1107 855 1193 atque
870 1093 908 1166 in
921 1094 1050 1170 eodem

231 1211 334 1307 loce,
363 1239 437 1313 quo
469 1227 572 1284 antea
599 1209 790 1306 Patroclo,
811 1212 959 1286 bustum
989 1242 1049 1288 ex-

231 1346 385 1406 struunt.
404 1329 497 1404 Dein
513 1329 684 1427 imposito
701 1330 893 1426 cadavere,
909 1332 1050 1431 subjec-

232 1464 343 1553 toque
360 1449 456 1552 igni,
472 1448 565 1550 juste
586 1449 704 1522 funeri
726 1466 914 1552 peragunt.
932 1451 1046 1550 Ajaco

231 1569 410 1668 praecipue
425 1567 627 1662 insistente,
639 1568 702 1669 qui
712 1595 779 1666 per
789 1568 1047 1654 triduumcon·

114 1705 139 1766 “,
230 1683 1042 1788 tinuatisvigiliislaborarenondestitit‚qurm

101 1829 104 1832 ·
229 1804 389 1905 reliquiae
419 1801 717 1878 coadunarentur.
748 1803 851 1882 solus
881 1829 1040 1904 namque

228 1923 398 2001 omnium
418 1948 511 2019 pene
535 1921 629 1994 ultra
650 1921 790 1998 virilem
806 1923 959 1998 modum
985 1920 1043 1994 in-

230 2040 339 2117 teritu
352 2039 499 2115 Achillis
513 2054 759 2114 consternatus
771 2055 843 2133 est,
858 2037 1043 2139 quamdi-

127 2254 129 2259 *
228 2158 363 2236 lectum
383 2173 512 2255 praeter
525 2173 670 2231 caeteros
686 2158 808 2232 animo
832 2172 868 2230 et
890 2156 1042 2229 summis

134 2319 154 2328 ·-
228 2276 353 2350 officiis
364 2274 589 2373 percoluerat
606 2304 613 2345 :
629 2274 763 2375 quippe
776 2302 859 2349 cum
870 2272 1042 2349 amicissi-
1111 2300 1113 2303 ·

228 2420 356 2487 mum,
373 2407 409 2468 et
421 2393 592 2495 sanguine
606 2397 838 2493 conjunctum
856 2392 922 2466 sibi
931 2448 944 2485 ,
958 2408 1039 2469 tum

226 2509 405 2612 praecipue
419 2511 617 2609 plurimum
630 2510 761 2593 virtute
772 2526 916 2589 caeteros
935 2524 1040 2589 ante·
1068 2590 1071 2595 .

228 2632 428 2713 cedentem.
