2284 4000
70 323 74 335 ·
171 291 222 385 ⁸4
303 299 838 373 ennnnnnn‘rnorri‘

171 427 308 505 rietatis
317 432 371 530 jus
381 431 650 530 perseverabat,
664 429 822 504 humeris
836 427 981 506 extulit:
1022 507 1023 511 ,

171 547 283 649 idque
300 549 374 650 igni
395 564 620 644 crematum,
643 549 742 654 quod
760 547 988 650 superfuerat

172 667 290 770 patrio
299 693 403 745 more
415 665 589 770 sepelivit.
670 701 672 708 ·

413 1077 616 1151 CAPUT
651 1078 742 1149 111.

218 1249 363 1328 'Anubi
375 1251 659 1357 animadvertere
673 1251 828 1330 Achilles
841 1267 877 1328 et
890 1249 986 1354 Ajax

172 1368 429 1467 Telamonius,
449 1398 583 1472 magno
603 1397 751 1445 suoru-m
766 1368 982 1446 detrimento

172 1502 342 1566 eventum
366 1486 451 1563 belli
476 1488 590 1583 trahi,
608 1487 804 1564 exereitum
832 1487 870 1562 in
895 1487 985 1562 duas

142 1689 147 1694 ,
172 1622 292 1707 partes
305 1606 536 1706 dispertiunt,
548 1635 591 1682 ac
602 1633 670 1706 pro
681 1623 844 1706 tempore
858 1605 988 1682 cohor·

39 1731 47 1739 “
173 1726 238 1806 tati
269 1752 375 1819 suos,
403 1742 577 1827 tanquam
612 1723 818 1800 restauratis
852 1723 987 1800 viribus

173 1844 289 1918 arrius
302 1843 421 1932 hostes
433 1843 643 1938 incurrunt,
657 1842 723 1942 ipsi
738 1841 846 1918 duces
858 1839 988 1939 princi·

174 1985 311 2062 pesque
326 1959 556 2052 certaminis;
567 1989 680 2063 quum
695 1959 807 2035 modo
821 1958 989 2060 inseque*

173 2092 300 2154 rentur
319 2076 519 2180 fugientes,
533 2079 646 2153 modo
666 2073 914 2180 ingruentibus
929 2101 989 2153 se-

174 2212 251 2272 met
278 2195 387 2271 instar
413 2196 510 2270 muri
534 2211 785 2296 opponerent3
812 2210 921 2301 alque
938 2193 1003 2268 ita·

63 2342 68 2349 ·
96 2385 109 2391 o
170 2313 327 2389 omnino
337 2313 445 2413 primi
459 2329 521 2388 aut
533 2310 627 2389 inter
642 2312 781 2412 primos
797 2298 989 2405 bellontes,

173 2431 379 2532 praeclamm
400 2431 475 2531 jam
498 2448 579 2505 tum
598 2430 739 2506 virtutis
756 2454 826 2503 suae
851 2428 988 2501 famam
1038 2508 1043 2521 ,

174 2550 270 2650 apud
284 2551 403 2625 hostes
417 2562 525 2649 atque
538 2547 633 2623 inter
648 2573 730 2620 suos
743 2534 910 2621 effecere.
924 2548 989 2619 ln-

173 2666 282 2742 terim
308 2665 523 2741 Teutranius
540 2695 586 2740 ex
605 2669 804 2741 Teutrante
828 2678 866 2737 et
882 2666 990 2766 Auge

113 2784 115 2788 ’
173 2781 334 2887 genitus,
351 2782 463 2857 frater
473 2781 626 2881 Telephi
645 2780 825 2875 uterinus,
841 2778 902 2854 ubi
916 2768 1004 2885 unis

86 2899 88 2902 ’
173 2900 368 2975 madvertit
389 2899 540 3001 Ajacem
564 2904 663 2973 tants
688 2900 879 2976 adversum
905 2923 992 2989 suos

173 3017 290 3121 glorie
304 3017 556 3111 dimicantem,
575 3042 730 3117 propere
742 3019 788 3092 nd
801 3044 885 3092 eum
899 3040 991 3091 con-

173 3134 308 3228 vertit,
334 3134 456 3233 ibique
478 3134 675 3235 pugnando
701 3132 792 3209 irtus
816 3132 889 3208 telo
913 3131 991 3235 ejus

174 3250 353 3330 occubuit.
372 3242 460 3350 Ejus
472 3277 555 3334 casu
570 3248 751 3347 Telephus
769 3277 840 3325 non
854 3247 992 3323 medio-

170 3370 279 3453 criter
304 3366 520 3469 perculsus,
547 3365 799 3475 ultionemque
822 3368 989 3452 fraternas
