2284 4000
333 267 509 317 ouuunn
539 270 590 314 nn
618 269 774 316 ruore,
892 247 955 316 181
1046 252 1048 259 '

146 379 240 456 ciam
265 381 377 478 possit
400 383 556 456 mittere.
582 383 741 457 Posthaec
761 380 965 456 Alexander

150 498 188 571 in
217 499 394 575 Graeciam
425 499 627 604 navigavit,
659 498 814 575 adducto
842 525 965 574 secum

152 615 243 690 duce
264 645 308 692 eo
326 619 389 720 qui
411 647 496 695 cum
517 622 705 694 Antenore
722 615 966 720 jamnaviga-

132 733 134 739 ’
150 751 261 812 verat.
278 738 365 810 Non
381 737 515 810 multos
536 752 618 810 ante
632 738 732 831 dies,
747 765 858 838 quam
877 735 966 810 Ale-

150 853 286 928 xander
309 853 346 961 in
372 855 553 932 Graeciam
580 855 781 958 navigavit,
807 843 847 930 et*
863 870 967 929 ante-

152 999 262 1076 quam
288 971 326 1058 in
342 971 494 1046 insulam
517 974 737 1074 Cytheream
761 974 966 1065 accederet,

138 1085 339 1165 ¹Menelaus
356 1119 419 1164 rex
441 1091 487 1164 ad
510 1091 855 1193 NestoremPylum
877 1116 968 1190 pro-
1063 1152 1067 1156 .

112 1285 116 1292 ,
156 1209 333 1304 ficiscens,
359 1209 568 1284 Alexandro
585 1209 624 1283 in
649 1209 969 1302 itineretoccurrit,

157 1344 193 1402 ct
209 1329 408 1402 mirabatur
428 1327 565 1429 regiam
585 1327 733 1402 classem
752 1354 827 1428 quo
848 1328 971 1401 tende-

155 1432 223 1521 ret.
250 1446 407 1546 Utrique
437 1461 665 1520 occurrentes
692 1461 906 1545 aspexerunt
920 1455 986 1527 -se’

132 1630 135 1637 .
157 1563 332 1656 invicem,
349 1555 450 1638 inscii
476 1583 550 1664 quo
568 1562 720 1663 quisque
743 1563 823 1636 iret.
845 1565 973 1637 Castor

141 1680 145 1685 ’
160 1698 197 1760 et
215 1682 341 1756 Pollux
362 1682 407 1756 ad
421 1679 737 1784 ‚Clytemuestram
750 1679 893 1771 ierant,
915 1705 974 1751 se-

161 1829 245 1876 cum
267 1801 512 1876 Hermionam
533 1815 683 1898 neptem
706 1823 809 1870 suam
826 1796 977 1874 Helene

163 1919 275 1993 filiam
288 1921 520 1995 adduxerant.
536 1917 645 2021 Argis
658 1915 812 1992 lunonis
821 1914 895 1991 dies
906 1913 977 1986 t'cs-

163 2056 220 2113 tus
240 2056 317 2114 erat
332 2040 387 2113 his
408 2039 553 2131 diebus,
570 2038 701 2139 quibus
718 2025 921 2110 Alexander
938 2032 976 2115 in

163 2160 317 2233 insulam
329 2152 552 2260 ‘Cytheream
569 2156 694 2248 venit,
715 2153 778 2227 ubi
794 2153 838 2225 ad
851 2152 978 2223 fanum
1015 2138 1036 2158 ⁸
1052 2164 1055 2168 ’

166 2279 318 2352 Veneris
339 2277 461 2351 Dianae
478 2274 699 2351 sacrificavit.
718 2271 771 2346 Hi
789 2270 853 2372 qui
869 2270 907 2342 in
919 2269 978 2342 in-

165 2397 242 2481 sula
261 2412 387 2490 erant,
409 2396 634 2469 mirabantur
652 2392 790 2493 regiam
810 2391 980 2481 classem,

110 2610 114 2630 Ι
168 2528 203 2587 et
216 2512 485 2613 interrogabant
502 2512 547 2585 ab
561 2510 708 2611 illisqui
724 2535 808 2584 cum
822 2493 981 2580 Alexan-

71 2665 73 2668 ·
171 2630 236 2703 dro
246 2687 258 2723 ,
275 2630 337 2730 qui
357 2646 493 2723 essent,
510 2629 598 2729 quid
612 2627 808 2718 venissent,
830 2651 983 2723 respon-

161 2749 298 2826 derunt
310 2747 359 2820 illi
374 2776 394 2819 a
409 2748 553 2850 Priamo
564 2772 648 2845 rege
659 2743 821 2865 legatum
831 2742 982 2815 missum

163 2868 215 2975 ¹ad
229 2870 416 2941 Castorem·
434 2880 470 2941 ct
488 2862 694 2957 Pollucem,
714 2876 755 2935 ut
770 2887 831 2938 cos
848 2886 981 2938 conve-

170 3000 274 3060 niret.
