2284 4000
228 321 397 407 ¹niune
435 289 727 384 quierntne.
823 287 894 368 355

87 435 183 507 inter
203 432 340 531 primos
361 423 603 530 cupientibus,
625 429 740 532 magis
762 429 800 502 in
821 431 899 528 ipso

88 547 211 642 aditu,
228 547 456 622 multitudine
476 574 538 620 sua
563 537 819 622 detinerentur.
836 550 901 620 In-

89 666 197 742 terim
218 664 324 740 multi
336 692 465 740 eorum
485 665 548 765 qui
564 662 676 762 primi
696 678 901 758 evaserant,

90 808 199 881 super
207 810 332 858 muros
340 783 397 856 siti
404 781 568 875 ‚collecta
576 782 734 882 undique
742 782 903 883 cujusce-

90 898 192 975 modi
201 925 298 993 saxa,
308 886 416 997 super
425 899 595 1001 clypeum
605 899 725 999 Aiacis
733 900 903 999 dejicere,

90 1031 371 1118 congestamque
380 1015 687 1117 quamplurimam
695 1030 829 1091 terram
843 1017 907 1091 de·

91 1159 200 1232 super
223 1134 390 1229 volvere,
418 1133 551 1210 scilicet
575 1135 622 1208 ad
653 1133 907 1235 depellendum

92 1252 234 1329 hostem
244 1281 379 1354 ,quum
393 1251 668 1350 supramodum
682 1269 906 1356 gravaretur:

92 1397 171 1471 quae
192 1369 358 1470 egregius
373 1369 446 1440 dux
461 1369 564 1441 facile
586 1359 687 1442 scuto
704 1371 909 1465 decutiens,

92 1487 179 1562 haut
199 1485 343 1588 segnius
358 1482 564 1560 imminere.
584 1485 751 1587 Denique
770 1485 910 1564 Philon-¹

94 1619 169 1682 seta
180 1600 508 1702 eos,quiinmuris
519 1600 627 1688 locati
636 1619 756 1699 erant,
769 1605 910 1683 eminus

94 1718 231 1822 sagittis
251 1719 470 1818 proturbat,
490 1719 699 1820 multosque
725 1721 905 1797 interficit.

94 1837 227 1939 Neque
246 1843 347 1915 secus
371 1864 393 1910 a
404 1834 592 1970 reliquis
582 1863 620 1910 m
646 1854 747 1950 parte
768 1837 835 1912 alia
852 1865 909 1914 res

94 1971 212 2058 gestae
225 1957 348 2059 Atque
360 1952 504 2032 eodie
488 1947 604 2031 excisa
617 1982 834 2065 eversaque
822 1985 909 2034 mce-

95 2074 477 2171 niahostiumfo'rent,
491 2075 614 2151 ninox
627 2078 907 2183 jamingruens,

96 2208 237 2269 nostros
257 2192 334 2269 ab
322 2210 482 2294 mcoepto
505 2194 733 2271 cohibuisset.
752 2195 826 2298 Qui
839 2192 909 2289 lubi
932 2216 935 2221 ’

97 2310 143 2384 ad
167 2340 273 2389 naves
297 2313 449 2416 regressi
474 2331 579 2410 sunt,
611 2313 681 2388 laeti
706 2312 910 2389 Philoctetae

96 2426 333 2524 fascinatoribus,
359 2446 396 2504 et
420 2432 469 2504 oh
497 2431 535 2504 id
562 2431 761 2507 maximam
786 2431 909 2506 animo

99 2555 268 2644 fiduciam
281 2564 475 2667 gestantes
489 2551 666 2636 summos
663 2551 913 2669 arsreaclau

102 2684 206 2761 dibus
228 2682 358 2759 ducem
381 2680 572 2755 celebrant
598 2675 720 2789 Qui
697 2672 804 2779 simul
827 2662 911 2771 cum
1014 2670 1016 2676 ’

101 2806 201 2899 luce,
222 2800 399 2904 adjunctis
423 2798 489 2873 sibi
509 2776 655 2899 reliquis
681 2786 885 2887 ducibus,
874 2820 931 2885 1n¹

103 2922 270 3025 prelium
291 2944 474 3023 egressus,
495 2918 629 2991 hostes
635 2888 736 2989 metri
750 2898 804 2987 sur
794 2911 912 2987 adeo

104 3041 299 3136 deterruit,
313 3053 354 3115 ut
366 3037 425 3114 vix
435 3036 664 3147 sekmrenibus
675 3032 912 3111 defensarent.
