2284 4000
166 279 236 372 ¹74
343 299 522 350 cunnos
550 275 605 351 οὲ
630 298 795 349 rnorr.

163 411 283 486 xisset.
300 413 445 488 Troilus
462 411 635 488 minimus
650 429 759 509 natu,
775 440 850 488 non
861 413 992 490 minus

164 530 268 605 fortis
282 558 392 632 quam
413 534 576 626 Hector,
596 529 734 608 bellum
750 533 827 636 geri
849 534 990 607 suade-

162 649 228 722 bat
237 706 250 744 ,
259 665 296 723 et
308 676 383 725 non
391 650 523 727 dehere
537 651 663 728 terreri
672 657 774 727 metti
784 653 988 729 verborum

164 765 324 862 Heleni,
345 771 445 872 quod
465 770 635 846 omnibus
658 770 810 871 placuit,
829 770 984 847 classem

169 888 392 990 comparari,
406 905 441 968 et
456 888 493 966 in
507 889 683 968 Graeciam
698 890 888 992 proficisci.
941 879 945 886 ’

410 1525 600 1632 orror
630 1523 753 1599 rnr.

225 1716 400 1804 Parenos
425 1723 674 1800 Alexandrum
698 1738 734 1799 et
756 1721 992 1824 Deiphobum

177 1847 217 1922 in
238 1844 418 1922 Paeoniam
439 1843 556 1937 misit,
575 1843 619 1917 nt
639 1840 771 1917 milites
789 1842 962 1945 eligerent
982 1877 991 1916 ε

180 1963 227 2041 ad
262 1962 475 2039 concionem
503 1961 684 2062 pop'nlum
716 1952 839 2040 venire
875 1963 1001 2065 jubet(

181 2082 473 2162 Commonefacit
503 2081 620 2177 filios,
653 2098 694 2158 ut
724 2080 881 2181 majores
907 2092 1002 2158 natu'

182 2200 384 2278 minoribus
406 2202 641 2300 imperarent.
671 2200 887 2277 Monstravit
906 2199 1000 2302 quas*

181 2320 330 2422 injurias
343 2319 458 2396 Graeci
476 2308 650 2423 Trojanis‘
661 2318 826 2394 fecissent
842 2349 851 2391 τ
865 2319 914 2394 ob
928 2322 1001 2397 hoc

182 2442 409 2515 Antenorem
421 2437 582 2540 legatum
596 2437 633 2511 in
647 2434 825 2515 Graeciam
839 2436 998 2534 misisse,

185 2573 227 2647 ut
238 2556 305 2631 sibi
326 2556 529 2633 Hesionam
547 2582 713 2631 sororem
734 2554 946 2651 redderent,
963 2574 1000 2632 et
1036 2553 1039 2557 ’

185 2676 429 2757 satisfacerent
455 2674 636 2777 Trojanis.
663 2676 899 2751 Antenorem·
915 2702 1005 2751 con-

187 2794 376 2871 tumeliose
399 2796 444 2869 ab
466 2795 516 2871 eis
546 2809 739 2870 tractatum
764 2823 774 2865 t
802 2819 870 2869 nec
893 2795 1003 2897 qnid-

189 2942 297 3016 quam
315 2916 361 2989 ab
373 2915 428 2989 his
446 2915 643 3013 impetrare
661 2911 833 3012 potuisse.
855 2913 917 2987 Ob
934 2914 1004 3021 hoc

187 3034 329 3133 placere
340 3028 687 3128 sibi,Alexand1nm
696 3030 1005 3109 mittic'umciasse

189 3153 228 3237 in
238 3155 440 3249 Graeciam,
458 3154 520 3257 qui
533 3154 590 3230 avi
607 3154 662 3228 sui
678 3168 839 3227 mortem
855 3167 890 3227 et
907 3156 1007 3229 Tro-

189 3272 358 3371 ianorum
387 3268 535 3373 injurias
561 3272 802 3348 ulcisceretur.
834 3273 1004 3346 Anteno-

193 3415 274 3465 rem
294 3388 413 3465 dicere
438 3390 558 3489 jussit,
588 3390 776 3494 quomodo
804 3388 843 3462 in
866 3389 1007 3466 Graecia
