2284 4000
169 259 219 348 88,
354 289 529 358 corana
555 292 610 344 ar
637 291 795 346 ruore.

169 394 292 472 sedet
316 395 491 476 vulnerati
516 430 599 502 pars
624 402 808 500 maxima,
832 431 980 505 prorsus
1033 463 1041 472 -

168 511 266 588 nullo
280 530 341 605 aut
352 517 539 617 perpaucis
555 521 654 595 clade
666 518 750 596 belli
766 523 843 623 ejus
856 549 981 622 experr
1029 567 1030 572 κ

163 627 275 704 tibus.
292 633 385 708 Dein
401 650 521 710 secuta
538 635 621 731 die,
638 636 746 740 legati
762 639 916 722 invicem
933 641 979 715 de

169 747 401 846 sepeliendis,
414 751 528 853 quiin
541 753 636 828 bello
654 754 878 850 ceciderant,
898 757 981 831 mit·
1008 852 1014 859 ἡ

170 879 296 982 tuntur
321 898 329 940 :
353 885 461 972 atque
484 868 552 965 ita,
573 870 723 948 induciis
739 873 978 972 interpositis,
1009 956 1012 962 s

172 983 318 1060 collecta
330 1014 481 1090 corpora
493 1003 601 1090 atque
619 988 694 1092 igni
705 1005 862 1068 cremata
874 1017 980 1093 sepe-

168 1095 272 1175 liunt.
562 1136 564 1139 ·

435 1434 637 1511 CAPUT
671 1439 711 1511 V.

220 1585 642 1689 inueniu'llepolemus,
651 1607 687 1665 et
699 1615 782 1666 cum
790 1588 899 1665 fratre
907 1581 981 1666 An·

172 1701 484 1807 tiphotPhidippus
493 1762 506 1801 ,
521 1733 614 1809 quos
630 1707 801 1809 Thessalo
819 1705 978 1810 genitos,

171 1839 320 1926 nepotes
338 1826 524 1915 *Herculis
538 1853 645 1925 supra
673 1825 979 1920 memoravimus,
1014 1911 1015 1916 ἵ

172 1940 318 2043 cognito
331 1942 733 2042 Telephuminiislocis
750 1941 977 2043 imperitare,
1047 1982 1061 1993 f*

173 2052 303 2134 fiducia
313 2060 535 2163 cognationis
545 2062 591 2137 ad
604 2088 688 2137 eum
701 2062 849 2137 veniunt
856 2060 981 2163 ,eique

173 2160 322 2277 quinam
347 2196 490 2274 essent,
519 2196 556 2254 et
579 2179 794 2281 quibuscum
819 2178 981 2280 navigas·

64 2314 67 2317 ’
172 2309 251 2367 sent
268 2322 451 2395 aperuere.
470 2297 564 2373 Dein
588 2295 700 2373 multa
720 2295 875 2373 invicem
896 2323 983 2372 con-

172 2428 316 2510 sumpta
333 2414 493 2490 oratione
504 2472 517 2510 ,
547 2415 599 2490 ad·
622 2431 848 2514 postremum
869 2411 982 2487 nostri

161 2514 289 2603 'acrius
307 2530 490 2626 incusare,
514 2531 612 2634 quod
630 2548 704 2607 tam
724 2530 897 2604 hostiliter
920 2528 984 2603 ad-

20 2655 44 2716 st
170 2671 316 2723 versum
334 2677 417 2725 suos
432 2665 644 2728 versaretur.
665 2653 983 2751 Agamemnonem

173 2791 330 2867 namque
342 2784 378 2842 et
389 2766 595 2843 Menelaum
604 2762 790 2866 Pelopidas
798 2824 810 2862 ,
818 2795 891 2842 non
904 2764 985 2843 alie·

167 2909 240 2956 nos
261 2883 400 2987 generis
422 2887 497 2980 sui,
514 2915 599 2963 eum
620 2874 983 2961 exercitumcontra-
1040 2958 1042 2963 ,

173 2997 276 3074 xisse.
293 3000 386 3077 Dein
398 3033 478 3106 quae
493 3004 586 3080 circa
599 3004 752 3077 domum
769 2999 923 3076 Menelai
939 3000 984 3075 ab

173 3118 379 3197 Alexandro
397 3120 588 3196 commissa
607 3134 747 3211 essent,
767 3133 984 3217 raptumque

174 3222 323 3313 Helenae
332 3237 462 3332 docent
473 3271 481 3311 ι
493 3238 541 3313 ob
554 3266 634 3339 quae
646 3236 772 3315 decere
784 3262 886 3330 eum,
900 3263 983 3311 eum

173 3340 323 3453 propter
333 3352 701 3460 consanguinitatem,
714 3370 792 3429 turn
808 3352 984 3453 praecipue
