2284 4000
194 224 264 289 250
375 247 556 297 nunant
585 245 638 292 nr:
665 244 826 293 rnorr·

146 434 149 439 ,
193 378 266 441 non
292 373 402 435 cessat
425 358 470 430 de
492 353 647 451 imperio
669 346 854 454 conqueri.
878 357 1006 454 Itaque

193 474 448 571 Agamemnon
467 470 632 547 seditioni
657 471 781 565 cessit,
807 486 844 545 et
861 470 946 544 dicit
965 494 1007 545 se

192 587 237 673 de
258 589 386 665 haere
410 589 565 665 libenter
591 589 795 682 facturum,
822 587 863 663 ut
889 614 1002 689 quem
1056 582 1067 599 “

190 705 321 781 vellent
331 712 593 807 Imperatorem
608 708 845 809 praeficerent
856 710 1009 780 Postera

188 822 249 930 die
263 824 440 923 populum
459 825 505 898 ad
518 824 731 899 concionem
750 840 864 899 vocat.
881 825 1004 927 Negat

193 960 231 1029 se
244 968 406 1039 unquam
427 941 602 1039 cupidum
617 941 760 1037 imperii
779 939 885 1013 fuisse
904 932 1007 1037 :ani-

166 1046 169 1051 ¹
194 1083 258 1157 mo
280 1085 383 1159 raquo
405 1088 442 1134 se
464 1058 622 1157 recipere
644 1057 672 1130 si
694 1058 825 1134 vellent
839 1058 924 1131 dare
940 1067 1005 1131 ise

194 1174 347 1252 libenter
361 1179 487 1253 cedere
508 1175 614 1250 :satis
636 1175 702 1248 sibi
720 1176 900 1249 essedum
922 1176 1007 1283 hos-

196 1307 248 1365 tes
272 1294 483 1387 ulciscatur,
511 1310 548 1367 et
576 1292 677 1391 parvi
702 1293 817 1366 lacere
842 1293 944 1394 cujus
968 1294 1006 1367 id

170 1402 266 1507 lope
280 1410 352 1485 fiat.
367 1414 478 1486 lubet
489 1413 629 1505 dicere,
643 1410 672 1483 si
686 1410 742 1484 cui
756 1411 843 1511 qnid
857 1412 1006 1509 placeat.
1078 1454 1080 1463 =

196 1530 403 1605 Palamedes
424 1529 609 1630 procedit,
630 1556 735 1601 suum
750 1520 935 1631 ingenium
950 1556 1009 1605 os-

200 1644 324 1720 tendit.
350 1652 477 1751 Itaque
505 1646 633 1749 Argivi
660 1644 854 1743 imperium
880 1647 913 1721 ei
937 1663 1011 1723 tra-

200 1764 301 1839 dunt.
316 1765 523 1839 Palamedes
534 1762 679 1866 Argivis
690 1762 821 1865 gratias
831 1763 923 1865 agit,
938 1764 1010 1838 im-

199 1881 341 1979 perinm
359 1882 503 1981 accipit,
519 1882 757 1957 administrat.
783 1882 939 1957 Achilles
955 1881 1013 1957 vi·-

199 2013 341 2098 tuperat
359 1997 502 2098 imperii
517 1997 857 2076 commutationem.
912 2082 913 2093 χ

400 2847 604 2972 aanor
641 2881 811 2956 xxvi.
903 2845 938 2854 ”

249 3058 582 3136 lnrnnnnindueiae
591 3068 732 3133 exeunt.
741 3047 946 3160 Palamedes
956 3071 1011 3120 or·

203 3196 328 3255 natum
337 3195 581 3278 paratumque·¹
591 3175 788 3250 exercitum
802 3166 920 3245 educit
928 3165 1013 3260 ,ins-

201 3297 305 3392 truit‚
328 3297 503 3384 hortatur.
530 3297 667 3370 Contra
691 3291 790 3366 idem
819 3285 903 3362 facit
925 3280 1014 3370 Dei·
