2284 4000
206 273 311 367 ¹4⁰·
383 295 563 350 cornua
591 293 645 346 nu
671 269 831 348 raor'n'.¹

200 441 221 483 n
241 437 364 514 cogor.
380 442 398 484 a
416 414 620 489 Adversum
634 413 906 512 quemAEneas,
921 441 939 482 u
954 412 1011 489 Ac
1030 491 1033 496 A

202 559 222 600 n
242 557 287 603 ne
299 532 376 605 haec
389 530 561 632 quidem,
575 531 644 624 ait,
657 533 917 623 concedentur,
927 557 1011 604 con*

200 676 218 718 n
241 648 435 724 tradicente
447 677 488 722 ac
499 647 685 723 resistente
700 645 780 741 nie,
794 647 1012 756 reliquisque

199 793 221 834 n
241 765 304 864 qui
326 766 447 838 affines
465 765 643 864 amicique
660 763 865 838 Alexandro
880 765 916 836 in
931 787 1011 837 rem

93 970 99 975 ¹
203 911 223 952 n
245 881 322 981 ejus
331 881 559 954 consulimus.
568 884 659 956 Sunt
668 879 765 952 enim
771 895 899 981 ,atque
907 894 1013 954 erunt

202 1027 222 1069 n
241 1023 405 1095 semper,
420 997 482 1099 qui
499 997 653 1071 domum
665 1023 893 1098 regnumque
911 996 1013 1070 Pria-

202 1115 294 1187 n'mi
319 1129 487 1188 tueantur
509 1140 658 1213 :neque
680 1111 810 1186 amisso
831 1111 1019 1214 Polydoro

202 1261 222 1302 n
243 1231 377 1304 crhitas
400 1229 586 1304 Priamum
610 1229 838 1328 insequetur,
860 1245 914 1304 tot
935 1229 1015 1304 tati-

197 1338 223 1422 ¹n
242 1350 380 1449 busque
407 1347 487 1419 filiis
505 1345 763 1444 superstitibus.
781 1349 840 1420 An
852 1348 935 1422 solis
949 1349 1013 1450 qui
1065 1348 1067 1356 ’

203 1497 223 1540 n
243 1468 264 1540 e
280 1466 421 1542 Gracia
440 1481 522 1539 sunt
531 1520 544 1558 ,
561 1477 685 1563 raptus
707 1464 914 1562 hujusmodi
927 1491 1015 1540 con-

203 1614 224 1657 n
244 1583 439 1660 cedentur?
452 1583 598 1684 Quippe
611 1585 729 1658 Cretoe
738 1586 922 1682 Europam
933 1585 1023 1686 qui·'
1065 1589 1067 1594 ’

204 1703 331 1776 »dem
359 1730 380 1773 a
405 1701 555 1794 Sidone,
573 1701 825 1801 Ganymedem
849 1730 894 1777 ex
919 1703 1025 1781 hisce'
1117 1784 1119 1788 ,

204 1850 224 1897 n
247 1820 377 1894 finibus
397 1837 504 1920 atque
516 1817 678 1916 imperio
700 1830 827 1916 rapere
843 1820 1015 1896 licuerit?

205 1968 225 2011 n
247 1933 1015 2041 Quid?MedeamignoratisneaColchisin
1041 2030 1044 2037 ι

171 2121 175 2124 ,
206 2088 226 2131 n
245 2056 776 2147 Iolcorum'finesjtransvectam
791 2056 866 2133 PEt
878 2086 924 2133 ne
938 2058 1028 2158 [πὶ-ω

206 2208 225 2260 n
246 2174 351 2250 mum
362 2175 451 2249 illud
463 2175 626 2273 rapiendi
640 2174 782 2247 initium
791 2176 1014 2273 praetermit-

194 2306 225 2367 Γ»
243 2310 317 2368 tam
323 2299 385 2388 ,Io
396 2321 441 2367 ex
449 2292 680 2370 Sidoniorum
692 2294 839 2394 regione
848 2296 1015 2391 abducta,
1107 2288 1109 2291 ’

205 2442 224 2485 a
245 2416 364 2516 Argos
376 2411 519 2487 meavit.
535 2414 723 2489 Hactenus
735 2411 920 2487 vobiscum
933 2440 1016 2488 ver·

205 2562 225 2602 n
243 2531 427 2605 bisactum
442 2560 451 2600 t
468 2531 517 2602 At
526 2528 594 2601 nisi
603 2556 690 2603 mox
702 2556 785 2603 cum
794 2529 896 2603 omni
907 2524 1021 2607 classe

206 2680 226 2719 n
249 2677 293 2723 ex
305 2647 399 2722 hisce
409 2646 494 2722 locis
507 2645 717 2748 aufugeritis
730 2702 743 2740 ,
759 2644 910 2746 jamjam
924 2650 1016 2723 Tro·

208 2761 366 2867 »janam
403 2765 575 2839 virtutem
616 2761 887 2867 experiemini:
915 2763 1017 2837 domi

208 2916 231 2981 n⁴
248 2881 381 2985 quippe
413 2882 581 2983 juventus
609 2880 724 2979 perita
758 2875 843 2953 belli
874 2880 1031 2983 abunde·

206 3036 227 3077 n
250 3001 354 3077 nobis
366 3016 433 3095 est,
444 3016 551 3101 atque
564 2997 603 3069 in
613 2998 688 3093 dies
700 2996 915 3072 auxiliorum
928 3024 1020 3075 cres·

208 3152 228 3193 n
251 3119 299 3194 cit
312 3141 495 3192 numerus.
509 3146 527 3185 n
541 3118 738 3215 Postquam
749 3113 860 3189 [inem
871 3114 1021 3217 loquem·
1135 3120 1136 3135 ¹

209 3240 246 3317 di
270 3236 378 3327 fecit3
399 3229 548 3336 Ulysses
567 3232 707 3333 placida
729 3232 892 3308 oratione
906 3264 916 3306 ¹:
935 3264 954 3304 u
973 3238 1035 3311 Et»

211 3387 231 3427 n
249 3354 412 3434 hercuies
436 3350 608 3451 ulterius,
630 3350 702 3451 ait,
724 3350 867 3431 differre
885 3351 1035 3431 inimi-v·
