2284 4000
221 289 1044 332 moeunmmooooootooumoe

346 485 404 590 L.
449 474 943 603 ΒΕΡΤΙΜωὸΙ

401 725 860 838 Q.Anln10,s.n.

221 920 502 1058 Ernrnemnl
515 983 601 1060 belli
616 986 788 1086 Trojano,
807 988 933 1089 Dictys
946 988 1037 1064 Cre-

220 1101 353 1197 tensis,
378 1101 498 1204 quiin
523 1105 565 1178 eri
579 1103 709 1180 militis
729 1133 815 1185 eum
836 1105 1037 1183 Idomeneo

221 1219 381 1316 meruit,
408 1219 619 1325 conscripsit
638 1221 764 1298 litteris
778 1222 935 1322 punicis,
956 1251 1036 1325 quse

220 1353 301 1414 trun
322 1339 463 1418 Cadmo
483 1355 520 1416 et
544 1342 716 1444 Agenore
742 1341 946 1418 auctoribus
968 1367 1036 1440 per

151 1489 155 1500 ·
220 1455 397 1532 Graeciam
406 1458 742 1560 frequentabantur.
752 1459 847 1536 Dein‘
854 1459 1036 1560 postmul-

218 1589 256 1650 ta
278 1575 404 1652 saecula
428 1575 598 1677 conlapso
620 1604 688 1676 per
707 1593 921 1656 vetustatem
938 1577 1037 1678 aptnl

170 1793 178 1806 ι
219 1695 393 1792 Gnoson,
407 1695 497 1770 olim
514 1696 685 1774 cretensis
699 1698 803 1800 regni
819 1699 965 1792 sedem,
980 1723 1037 1772 so-

159 1845 162 1854 *
215 1815 344 1918 pulcro
371 1816 470 1916 ejus,
495 1832 656 1916 pastores
676 1844 793 1918 quum
813 1815 1037 1894 eodevenis-

214 1951 313 2035 sent,
327 1935 423 2012 forte
436 1933 530 2011 inter
542 1949 708 2013 caeteram
721 1934 1037 2015 ruinamloeolnm

215 2071 345 2154 stenno
358 2054 493 2131 affabre
506 2053 667 2131 clausum
681 2055 888 2133 offendere:
905 2082 948 2134 ac
961 2058 1037 2133 the·

216 2174 1037 2274 saurumrati,moxdissolv1mt3nonam·um,

215 2325 284 2379 nec
297 2296 397 2375 aliud
409 2292 610 2398 quidquam
627 2294 776 2394 praedae,
797 2293 860 2370 sed
869 2292 980 2371 libros
992 2322 1038 2373 ex

211 2417 347 2521 ¹philiral
366 2416 411 2493 ¹in
434 2414 554 2491 lucem
576 2413 771 2514 prodituri.
796 2415 847 2489 At
869 2414 932 2489 nbi
955 2441 1037 2516 spes

214 2539 389 2618 &nstrata
415 2550 495 2631 est,
522 2534 569 2609 ad
593 2533 739 2609 Praxim
755 2532 947 2609 dominum
966 2534 1039 2611 loci

215 2684 281 2742 eos
294 2657 475 2744 defenmt.
494 2653 569 2755 Qui
581 2650 963 2760 commutatoslitteris
980 2669 1039 2757 et-

216 2777 321 2871 sicis,
344 2802 432 2853 nam
455 2773 573 2855 oratio
596 2778 711 2876 graecis
732 2771 870 2866 fixerat,
896 2772 1040 2849 Neroni

103 2920 108 2934 ’
209 2920 374 2978 romano
387 2892 516 2977 Caeseri
530 2890 682 2986 obtulit,
699 2900 773 2992 'pro
788 2917 863 2993 quo
874 2890 1040 2990 plurimis

219 3017 266 3092 ab
280 3041 324 3101 eo
346 3014 499 3091 donatus
516 3026 582 3093 est.
598 3010 716 3087 Nobis
729 3038 844 3112 quum
856 3009 895 3085 in
909 3035 1039 3085 manus

218 3137 315 3211 forte
332 3129 447 3212 libelli
461 3129 661 3225 venissent,
677 3127 789 3207 avidis
808 3154 900 3204 verae
922 3127 1037 3201 histo-

222 3254 283 3329 riae
302 3250 435 3350 cupido
459 3248 620 3344 incessit,
648 3274 690 3325 ea
712 3247 767 3322 uti
788 3262 911 3340 erant,
928 3245 1037 3321 latine

221 3370 394 3449 disserere
422 3398 431 3443 z
459 3391 534 3448 non
556 3365 674 3469 magis
710 3363 836 3446 confisi
867 3361 1036 3466 ingenio,
