2284 4000
296 363 462 416 nrvnr
500 349 747 420 annuite?
877 347 926 444 39

106 477 470 578 cepsinsecutasunt,
483 481 655 582 quoniam
667 481 743 581 ipse
756 481 925 576 interfui,

107 624 221 698 quam
241 596 424 673 verissime
445 613 575 697 potero
596 625 786 698 exponam.
812 600 930 704 Igitur

108 732 192 814 post
206 743 268 791 eos
285 742 375 818 quos
389 743 496 814 supra
510 717 816 816 memoravimus,
828 721 932 796 Nes··

107 849 274 911 toccum
301 835 495 911 Antilocho
515 852 552 910 et
574 839 818 940 Trasymede,
836 865 927 941 quos

109 980 157 1028 ex
175 950 354 1026 Anaxibia
379 969 604 1052 susceperat,
623 955 838 1054 supervenit.
854 959 927 1033 Eos

108 1071 286 1145 Peneleus
301 1070 483 1146 insecutus
495 1099 581 1146 cum
595 1072 724 1148 Clonio
737 1089 774 1148 et
787 1073 934 1149 Arcesi·

110 1187 171 1267 lao
183 1187 469 1289 consanguineis.
483 1189 578 1263 Dein
590 1190 835 1266 Pmthenoret
846 1191 930 1266 Lei-

111 1320 198 1399 tus,
221 1305 354 1380 Beotiae
371 1305 561 1404 principes.
581 1310 747 1409 Itemque
758 1307 930 1385 Schedius

113 1439 152 1499 et
163 1421 420 1522 Epistrophus,
432 1423 633 1502 Phocenses
641 1453 652 1514 ς
668 1425 886 1525 Ascalaphus
892 1441 929 1501 et

114 1542 314 1636 Ialmenus,
333 1541 584 1621 Orchomenii.
612 1546 711 1618 Tum
737 1544 865 1619 Diores
892 1561 929 1620 et

118 1663 249 1762 Meges
267 1687 312 1734 ex
329 1657 466 1761 Phyleo
485 1659 645 1762 genitus,
659 1661 781 1736 Thoas
795 1689 840 1736 cx
853 1664 933 1736 An·

116 1777 319 1872 draemone,
335 1775 542 1878 Eurypylus
558 1777 754 1852 Euemonis
763 1832 776 1875 ,
788 1778 932 1856 Orme-

114 1893 216 1992 nius,
233 1911 270 1972 et
282 1899 474 1971 Leonteus.

353 2099 546 2169 CAPUT
578 2100 695 2169 XIV.

169 2252 270 2325 Posr
287 2275 377 2351 quos
401 2250 558 2327 Achilles
575 2250 671 2350 Pelei
687 2265 723 2325 ct
748 2250 934 2345 Thetidis,

115 2397 197 2470 quae
215 2396 260 2443 cx
272 2367 429 2443 Chirone
445 2368 641 2443 dicebatur.
661 2368 734 2443 Hic
751 2367 929 2468 inprimis

117 2484 365 2562 adolescentiae
378 2486 504 2581 annis,
525 2512 716 2585 procerus,
729 2486 858 2561 decorh
874 2486 933 2559 fa-

111 2604 168 2680 cie
184 2662 197 2699 ,
214 2603 331 2680 studio
352 2632 476 2679 rerum
491 2606 700 2681 bellicarum
713 2630 840 2679 omnes
855 2605 938 2706 jam·

112 2723 407 2826 turnrinnteque
416 2740 452 2798 et
464 2723 579 2828 gloria
586 2724 785 2823 superabat.
800 2725 933 2823 Neque

110 2860 244 2927 tamen
259 2845 382 2917 aberat
408 2844 454 2917 ab
477 2869 521 2917 eo
537 2841 591 2919 vis
620 2841 783 2943 quaedam
807 2840 933 2928 incon-

108 2962 202 3037 sulta
236 2977 273 3037 et
289 2964 398 3037 effera
414 2989 561 3039 morum
576 2959 811 3060 impatientia.
835 2963 932 3035 Cum
1058 3024 1061 3028 ,

111 3106 158 3155 eo
169 3079 358 3155 Patroclus
371 3096 406 3155 et
418 3081 566 3160 Phoenix
573 3108 586 3171 ‚·
595 3078 685 3154 alter
692 3093 934 3177 proptercon·

107 3198 342 3301 junctionem
370 3199 551 3294 amicitiae,
579 3197 670 3306 alter
686 3212 804 3271 custos
824 3211 933 3297 atque

106 3332 236 3393 rector
256 3317 345 3419 ejus.
373 3315 606 3415 Tlepolemus
630 3315 711 3393 dein
732 3312 930 3390 Herculis:

104 3464 191 3517 eum
201 3435 359 3517 insecuti
372 3451 454 3515 sunt
474 3434 675 3538 Phidippus
684 3448 721 3516 et
729 3430 929 3534 Antiphus,
