2284 4000
213 323 280 399 160
391 350 566 400 ouenru
594 351 647 400 or
674 351 825 402 ruore.

396 497 601 591 staur
638 525 832 592 xxxv.

257 672 335 745 Ρη
350 671 454 746 idem·
471 688 614 772 tempus
631 671 728 772 apud
750 672 903 772 Trojam
916 694 1025 746 exer-

160 806 170 814 “
194 788 300 864 citus
312 790 514 885 sociorum,
528 791 663 893 quique
676 789 843 866 mercede
853 787 1024 892 conducti
1136 819 1139 839 =

208 907 393 996 arrxiliares
422 909 552 1007 copias
569 907 820 1003 adduxerant,
855 923 1023 1006 tempore

206 1027 325 1101 multo
343 1027 474 1100 frustra
488 1027 597 1119 trito,
614 1025 784 1119 taedioue,
797 1053 843 1098 an
856 1025 1024 1099 recorda-

209 1142 306 1218 tione
319 1171 468 1218 suorum
477 1200 489 1238 ,
506 1141 768 1217 domuitionem
785 1142 1020 1242 occipiebant.

208 1263 317 1361 Quod
336 1263 399 1335 ubi
421 1260 672 1336 animadvertit
693 1265 859 1355 Hector,
879 1255 1024 1336 coactus

205 1381 433 1475 necessitate,
449 1378 622 1454 militibus
641 1394 685 1453 ut
708 1378 746 1452 in
768 1380 878 1453 armis
903 1395 1024 1454 essent

206 1497 329 1598 jubet;
351 1523 393 1570 ac
412 1520 499 1571 mox
514 1494 577 1569 ubi
590 1495 734 1597 signum
750 1495 870 1589 daret,
889 1523 1023 1597 seque-

206 1629 333 1688 rentur
352 1641 438 1688 sese.
461 1614 783 1746 Igitur'postquam
802 1629 945 1713 tempus
961 1612 1022 1690 vi-

196 1758 286 1807 sum
298 1748 370 1827 est,
380 1748 416 1807 et
429 1757 556 1806 omnes
566 1759 604 1804 1n
616 1730 726 1802 armis
734 1732 1019 1825 nunciabantur,

196 1851 308 1950 =jubet
327 1848 507 1951 egredi,
495 1875 571 1947 lpse
595 1847 796 2023 duratque
818 1849 1019 2005 imperator

206 1965 353 2041 militiae
561 2014 565 2022 ·

253 2085 326 2159 Res
364 2082 549 2218 postulare
589 2014 756 2180 videtur,
788 2110 915 2161 eorum
959 2110 1021 2159 re-

203 2230 287 2304 ges,
310 2203 374 2303 qui
402 2202 487 2287 socii
507 2219 614 2304 atque
633 2204 739 2279 aurici
764 2204 906 2304 Trojae,
933 2202 1020 2302 qui-

195 2345 276 2418 que
297 2320 345 2392 ob
366 2320 571 2402 mercedem
593 2320 779 2395 auxiliares
806 2348 850 2395 ex
870 2318 1021 2394 diversis
1135 2361 1140 2394 ι

203 2432 410 2540 regionibus
427 2436 599 2513 contracti
618 2437 879 2512 Priamidarum
900 2436 1020 2534 impe-

203 2554 299 2629 rium
312 2556 572 2655 sequebantur,
587 2556 737 2631 edicere.
753 2555 893 2629 Primus
904 2554 1018 2655 igitur

194 2666 700 2780 portisemmpitPandarus
723 2676 891 2773 Lycaone
913 2670 1019 2773 geni-

38 2794 47 2814 s
77 2833 80 2837 ι
200 2805 278 2882 tus,
292 2816 335 2863 ex
346 2789 476 2890 Lycia:
490 2789 581 2893 dein*
587 2789 823 2888 Hippothous
835 2786 955 2891 Pylei,
969 2814 1017 2861 ex

121 2959 123 2962 -
200 2906 341 2981 Larissa
359 2905 625 3006 Pelasgidarunr
641 2938 649 2977 z
666 2910 820 2988 Acamas
834 2921 868 2979 et
885 2904 1017 2997 Piros,

200 3051 245 3101 ex
260 3011 414 3097 Thracia
430 3054 438 3093 ε
454 3024 665 3120 Euphemus
679 3023 887 3098 Troezenius
904 3022 1015 3097 Cico-

196 3141 256 3217 nis
264 3139 720 3241 imperitauszPylaemenes
729 3138 991 3241 Paphlagonius
1001 3192 1017 3232 ,

204 3275 305 3356 patre
325 3258 438 3331 Melie
456 3257 631 3359 gloriosus
647 3288 655 3327 z
670 3257 835 3335 Odius‘et
851 3255 1022 3355 Epistro—

170 3451 175 3460 ,
202 3375 294 3469 pbus
301 3430 314 3471 ,
329 3373 393 3447 filii
403 3373 528 3469 Minii,
539 3374 732 3449 Alizouum
744 3401 846 3477 reges
861 3405 869 3446 ε
885 3378 1038 3472 Saepe--
