2284 4000
179 311 182 320 ¹
262 275 739 377 nrvnncrnourhnn.
860 270 910 366 ’45

91 420 195 499 rant,
210 405 426 504 trepidantes
438 434 483 483 ac
495 392 573 482 vice
593 433 767 505 pecorum
780 405 920 481 interfi-

94 510 250 605 ciuntur.
270 523 364 599 Dein
386 550 491 601 more
514 523 619 620 belli,
641 552 708 623 per
724 523 860 623 templa
874 552 919 599 ac
946 531 952 543 '

96 640 282 716 semiustas
303 643 457 736 domos,
481 642 668 742 populatio
688 670 812 718 rerum
829 669 915 717 orn·

96 760 220 855 nium,
237 777 273 836 et
286 787 352 859 per
369 759 444 835 dies
461 759 660 859 plurimos,
676 789 722 835 ne
738 760 818 861 quis
831 761 920 836 hos·
1018 861 1020 865 ι

96 876 189 951 tium
207 878 398 972 evaderet,
424 876 588 951 studium
609 876 828 981 inquirendi.
852 882 916 952 ln-

99 996 206 1074 terim
215 995 262 1068 ad
269 996 555 1073 coacervandum
569 995 649 1071 auri
660 998 919 1099 atqueargenti

60 1213 63 1218 7
99 1110 292 1187 materiem
311 1126 517 1213 opportuna
532 1106 612 1185 loca
625 1106 871 1205 destinantur,
882 1125 921 1187 et

101 1229 169 1330 alia
191 1232 240 1305 oh
256 1228 458 1328 preciosam
479 1242 629 1307 vestem.
646 1228 761 1333 Igitur
779 1228 843 1329 ubi
860 1240 920 1305 sa-

101 1334 173 1427 tias
183 1347 335 1448 Troiani
356 1346 540 1451 sanguinis
557 1347 693 1441 tenuit,
713 1339 920 1429 eturhsioe

102 1464 237 1544 cendiis
249 1466 474 1566 complanata
491 1482 562 1560 est,
576 1464 720 1542 initium
739 1466 917 1551 solvendae

102 1608 170 1683 per
176 1585 339 1681 praedam
353 1584 488 1659 militiae
496 1583 660 1681 capiunt,
668 1583 789 1681 primo
802 1612 824 1657 a
836 1611 917 1684 cap·

103 1700 916 1803 tivisfeminis‚pue1isqueadhuc1mhellrhus

104 1824 231 1919 ltaque
268 1847 311 1895 ex
345 1820 400 1895 his
428 1819 547 1920 prima
580 1820 747 1904 omnium
779 1820 922 1899 Helena

105 1936 182 2012 sine
200 1953 296 2013 sorte
319 1937 485 2014 Menelao
502 1937 712 2014 conceditur
727 1969 735 2010 ε
751 1937 835 2013 dein
849 1941 924 2013 Po·

101 2057 234 2160 lyxena
251 2059 421 2133 suadente
441 2057 594 2158 Ulysse,
619 2082 686 2155 per
711 2057 918 2155 Neoptole-

102 2203 211 2250 mum
235 2177 366 2252 Achilli
390 2175 535 2250 inferias
562 2171 697 2248 missa:
717 2177 923 2276 Agamem·

101 2293 194 2374 noni
218 2294 414 2369 Cassandra
435 2295 559 2388 datur,
581 2309 774 2393 postquam
801 2279 921 2368 forma
1054 2384 1057 2391 Ι

105 2412 185 2513 ejus
207 2429 350 2512 captus,
375 2413 463 2515 quin
484 2401 606 2510 palam
626 2409 844 2484 desiderium
867 2405 926 2484 fass
1020 2452 1022 2455 ·

106 2547 265 2626 teretur,
284 2531 507 2622 dissimulare
527 2529 758 2629 nequiverat;
782 2530 925 2615 AEtram

106 2665 145 2730 et
160 2651 375 2754 Clymenam
384 2706 396 2744 ,
415 2649 665 2756 Demophoon
686 2661 795 2747 atque
810 2648 926 2723 Atha-

107 2796 187 2848 mas
200 2769 379 2847 habuere:
396 2765 618 2866 reliquarum
630 2788 706 2838 sors
718 2762 922 2872 agicoepta,

108 2905 218 2990 atque
236 2885 287 2960 ita
304 2881 549 2984 Neoptolemo
569 2881 825 2967 Andromacha
840 2883 927 2982 (ade
978 2966 984 2977 ,

107 3007 241 3110 ,junctis
254 3020 445 3107 postquam
461 3001 509 3086 id,
519 3014 688 3083 evenerat
700 2997 780 3072 filiis
793 2999 872 3099 ejus
886 3001 925 3074 in

112 3123 384 3202 honoremtanti
398 3120 520 3220 ducis)
535 3175 546 3214 ‚
560 3116 684 3220 Ulyssi
692 3115 845 3192 Hecuba
856 3115 928 3190 ob-

31 3273 35 3276 ·
115 3269 256 3322 venere.
286 3246 472 3318 Hactenus
493 3235 672 3314 nobilium
694 3231 927 3346 heminarum

120 3386 256 3441 cessere
280 3358 431 3437 servitia.
458 3356 554 3453 Alii,
576 3370 619 3433 ut
644 3369 829 3454 quemque
850 3373 930 3425 sors
