2284 4000
214 359 263 416 πο
397 359 579 416 ornans:
604 359 659 409 nr
683 348 840 414 maort:

442 543 445 546 ·
485 511 677 585 CAPUT
706 513 749 581 V·
801 524 805 530 ‘

197 761 202 770 -
262 707 413 785 Lrorrr
437 703 559 808 paucis
576 705 701 782 diebus
718 705 764 780 ad
784 706 1030 807 Trojanve

212 825 339 921 aiunt,
352 853 469 928 neque
480 843 558 901 tum
573 824 818 899 Alexandmm
828 823 866 897 iri
876 824 956 900 loco
969 825 1031 898 οἶ-

212 945 382 1019 fendere.⁴
397 947 491 1018 Eum
516 967 674 1044 namque
691 941 944 1039 properatione
959 969 1029 1016 na-

214 1061 300 1164 vigii
320 1060 518 1136 inconsulte
538 1083 645 1134 usum
662 1058 761 1135 venti
789 1059 836 1133 ad
859 1062 1028 1161 Cyprum
1105 1100 1116 1108 ·

212 1178 395 1276 appulere.
421 1176 531 1264 Unde
547 1175 699 1273 sumptis
714 1174 850 1276 aliquot
872 1175 1027 1252 ‘navibus
1062 1192 1065 1197 ’

213 1285 419 1370 Phoenicem
434 1295 621 1394 delapsus,
635 1291 866 1395 Sidoniorum
875 1301 1027 1396 regem,

195 1411 277 1514 ‘qui
294 1439 379 1512 eum
396 1411 511 1487 amice
526 1424 751 1507 susceperat,
772 1425 882 1488 noctu
893 1395 1030 1509 perin-

197 1529 436 1610 *sidiasnecar
455 1560 463 1601 ε
488 1529 688 1628 eidemque
712 1528 784 1628 quai
799 1513 1032 1626 apudLaee-

214 1650 415 1726 daemonam
429 1645 644 1746 cupiditate,
656 1644 859 1720 universam
874 1647 1027 1736 domum

181 1770 183 1774 ’
214 1765 291 1867 ejus
303 1765 340 1841 in
353 1764 465 1840 scelus
476 1762 667 1863 proprium
676 1761 864 1839 convertit·
881 1768 935 1864 lta
946 1791 1031 1842 om-

213 1883 273 1962 nia
290 1911 369 1985 quae
385 1881 431 1958 ad
442 1879 719 1976 ostentationem
735 1879 843 1983 regiae
860 1883 1029 1986 magnifi-

190 2038 195 2073 1
214 2003 337 2080 centiae
348 2003 470 2097 fuere,
488 2000 635 2104 indigne
648 2016 772 2099 rapta,
788 2002 834 2076 ad
845 2029 952 2081 naves
964 2004 1029 2082 de-

214 2122 302 2199 ferri
308 2121 421 2224 jubet.
430 2120 500 2199 Sed
509 2119 574 2195 ubi
582 2119 885 2196 exlamentatione
898 2148 1028 2199 eorum

193 2306 197 2313 .
213 2240 277 2343 qui
293 2266 415 2317 casum
433 2238 573 2315 domini
586 2224 780 2333 deflentes,
793 2238 922 2341 reliqui
937 2267 1028 2340 prae·

213 2359 275 2433 dae·
286 2356 499 2459 aufugerant
514 2412 527 2450 ,
556 2355 731 2431 turnultus
748 2370 849 2430 ortus
868 2372 942 2454 est,
959 2384 1029 2458 po-

214 2476 320 2577 pulus
345 2474 464 2549 omnis
487 2473 533 2548 ad
559 2471 697 2575 regiam
723 2474 914 2550 concurrit.
940 2477 1029 2551 Inde

191 2593 315 2694 :quod
323 2592 399 2693 jam
412 2591 636 2684 Aranda,
651 2587 807 2691 abreptis
817 2619 896 2693 quae
908 2592 1029 2691 cupie-

192 2782 197 2793 ,
215 2726 291 2806 rat,
304 2709 547 2784 ascensionem
561 2710 795 2809 properabat,
809 2726 877 2807 pro
891 2726 1031 2810 ternpo-

197 2854 256 2925 ‚re
272 2804 401 2902 armati
413 2828 459 2914 ad
470 2854 578 2905 naves
590 2827 756 2917 veniunt3
772 2845 925 2930 ortoque
936 2830 1031 2907 inter

193 3018 199 3027 ,
216 2971 278 3021 eos
290 2943 362 3021 acri
373 2942 517 3042 praelia,
535 2944 667 3021 cadunt
679 2945 847 3047 utrinque
860 2944 1028 3046 plurimi3

192 3142 196 3151 ,
216 3090 331 3167 quum
345 3062 520 3139 obstinate
542 3062 581 3139 hi
596 3062 692 3165 regis
712 3090 839 3141 necem
856 3065 1032 3143 defende-

189 3196 327 3275 rent,¹
341 3180 378 3253 hi
402 3206 449 3253 ne
469 3179 675 3255 amitterent
698 3196 839 3280 partam
870 3183 1030 3280 praedam

191 3354 199 3397 5
215 3296 366 3374 summis
372 3296 502 3396 opibus
515 3298 772 3375 adniterentur.
781 3298 938 3376 lucensis
945 3300 1030 3375 dein

214 3416 351 3519 daabns
365 3413 534 3513 navibus,
551 3415 704 3518 Troiani
718 3415 875 3519 reliquas
886 3433 1032 3508 stream
