2284 4000
292 327 456 386 erran
501 325 755 414 innurem·
877 307 926 400 45

365 504 557 583 error
589 486 677 575 xv,

162 677 308 750 lemos
316 673 379 747 ubi
390 675 499 776 Argis
508 697 708 751 convenere
715 668 931 769 ,Diomedes

114 789 275 890 hospitio
305 807 452 867 cunctos
482 790 636 891 recipit,
665 792 932 894 necessariaque

113 909 266 1009 praebet.
294 909 388 986 Dein
416 913 674 1014 Agamemnon
700 913 834 1012 grande
855 909 934 984 auri

115 1029 261 1126 pondus
274 1030 438 1131 Mycenis
451 1031 683 1127 adportatum
696 1057 762 1128 per
776 1030 935 1133 singulos

116 1146 354 1247 dispertiens,
367 1146 611 1247 promptiores
620 1148 759 1222 animos
767 1147 935 1223 omnium

116 1267 164 1340 a'd
190 1266 327 1340 bellum
354 1269 452 1368 quod
473 1267 688 1365 parebatur,
712 1265 809 1340 facit.
835 1269 937 1341 Tum

117 1384 308 1482 communi
328 1383 475 1472 consilio
494 1411 602 1484 super
622 1383 828 1459 conditione
840 1412 939 1484 proe-

117 1503 159 1576 lii
169 1561 182 1598 ,
195 1502 447 1605 jusjurandum
460 1503 643 1603 interponi
656 1505 726 1580 hoc
735 1503 847 1578 modo
859 1504 937 1604 pla·
962 1527 978 1543 ⁶

120 1621 219 1697 cuit:
239 1622 387 1696 Calchas
417 1621 604 1712 Thestoris
629 1622 745 1717 filius,
770 1623 936 1720 praescius

121 1731 358 1837 futurorum}
384 1767 539 1840 porcum
573 1767 714 1815 marem
742 1740 782 1812 in
812 1739 937 1816 forum
994 1739 998 1743 ’

121 1859 285 1965 medium
298 1859 418 1932 afferri
430 1859 533 1960 jubet
540 1889 551 1949 5
571 1886 683 1960 quem
704 1857 842 1932 induas
850 1885 941 1957 par-
1017 1937 1020 1942 ,

120 1991 175 2053 tes
186 1975 527 2073 exsectum,orienti
540 1975 945 2077 occidentiquedividit,

121 2113 230 2197 etque
238 2096 396 2197 singulos
409 2096 550 2171 nudatis
560 2094 686 2199 gladiis
698 2123 764 2196 per
774 2096 938 2171 medium

122 2213 273 2291 transire
285 2214 399 2315 jubet.
413 2215 508 2289 Dein
519 2215 754 2307 mucronibus
765 2216 940 2316 sanguine

122 2333 201 2434 ejus
218 2332 361 2427 ossus,
387 2332 553 2406 ausibus
569 2332 680 2407 enm
701 2312 778 2407 ms
794 2334 840 2417 au
856 2349 938 2408 eam

122 2478 203 2525 rem
215 2449 437 2544 necessariis,
450 2449 655 2525 inimicitias
665 2450 731 2524 sibi
744 2478 828 2527 cum
841 2451 942 2524 Pria·

123 2594 189 2644 mo
217 2594 284 2667 per
307 2563 520 2671 religionem
553 2566 771 2642 confirmant
793 2596 942 2671 :neque

122 2686 224 2788 prius
240 2712 277 2763 se
300 2686 435 2771 bellum
455 2684 681 2780 deserturos,
701 2714 812 2787 quam
831 2687 940 2763 Ilium

125 2821 234 2906 atque
262 2830 370 2899 omne
399 2832 554 2907 regnum
585 2803 772 2878 eruissent..
797 2804 939 2905 Quibus

125 2920 314 3023 perfectis,
327 2948 417 3019 pure
430 2920 537 3016 lauti,
549 2924 706 2996 Martem
719 2936 827 3021 atque
840 2924 941 2997 Con·
1007 2913 1009 2916 ⁵

126 3032 288 3116 cordiam
318 3036 440 3115 multis
464 3038 771 3140 immoletionibus
789 3038 857 3115 sibi
873 3038 945 3117 ad·

125 3159 368 3265 hospitavere.
