2284 4000
206 297 254 376 60
387 329 582 383 sununs
609 334 662 384 uu
688 325 842 388 ruore:

423 507 615 577 CAPUT
648 509 807 580 XXII.

162 707 164 714 ’
257 681 330 755 Snn
347 704 430 753 curn
443 679 516 754 hacc
529 679 566 752 in
579 679 660 754 luco
672 680 1023 781 aguntur‚Achssles
1136 764 1139 767 ,

116 883 118 888 Ι
204 794 341 872 litteras
360 822 521 870 seorsum
542 796 668 869 missas
680 795 746 870 sibi
759 826 779 869 a
792 798 1024 898 Clytemnes-

205 917 263 989 ,tra
278 971 289 1007 ‚
307 942 391 988 cum
404 916 481 988 auri
494 941 629 1018 magno
642 916 800 1013 pondere
814 918 949 1020 accepit
955 975 968 1012 ,
981 919 1022 995 in

207 1033 339 1136 quibus
369 1033 402 1108 ei
428 1033 538 1106 filiam
565 1049 673 1135 atque
698 1046 845 1107 ornnem
866 1035 1021 1145 domum
1060 1077 1063 1086 ·

207 1174 308 1226 suam
319 1151 644 1227 commendaverat.
660 1153 749 1251 Quae
756 1167 945 1252 postquam
957 1211 969 1246 ‚
981 1169 1021 1229 et

207 1270 347 1370 Ulyssis
361 1268 548 1345 consilium
563 1270 782 1368 patefactum
795 1286 867 1364 est,
879 1272 1020 1348 omissis

205 1388 394 1483 omnihus,
407 1416 562 1488 propere
572 1391 624 1465 ad
630 1389 752 1464 lucum
764 1390 882 1492 pergit
894 1447 906 1483 ,
918 1417 1019 1493 mag-

206 1509 253 1581 ni
268 1533 356 1583 voce
370 1507 598 1601 Menelaum,
611 1524 648 1582 et
660 1509 723 1608 qui
739 1537 822 1583 curn
837 1534 884 1581 eo·
895 1525 1018 1604 erant,
1055 1532 1058 1539 ·

205 1621 438 1718 inclamans,
468 1625 513 1698 ab
544 1625 792 1725 inquietudine
825 1625 1018 1727 Iphigeniae

179 1813 181 1818 s
206 1743 414 1819 cohiberent
429 1771 526 1837 sese,
541 1744 781 1818 comminatus
796 1744 1015 1842 perniciem,

206 1861 242 1935 ni
256 1862 466 1959 paruissent.
487 1865 576 1936 Mox
587 1862 745 1934 attonitis
756 1863 810 1935 his
823 1878 931 1962 atque
949 1863 1016 1936 ob-

205 1979 434 2079 stupefactis,
458 1979 533 2079 ipse
556 1980 782 2078 supervenit,
798 1981 1016 2057 reformato-

206 2125 277 2198 que
294 2097 368 2197 jam
384 2096 441 2171 die
466 2097 645 2198 virginem
666 2098 846 2171 abstrahit.
864 2098 1014 2173 Interim

204 2213 480 2292 deliberantibus
498 2215 636 2288 cunctis
648 2214 819 2315 quidnam
836 2229 872 2289 et
885 2214 946 2287 ubi
959 2240 1012 2288 es-
1139 2279 1141 2284 ,

198 2348 276 2425 set,
295 2330 590 2432 quodimmolari
602 2332 809 2433 juberetur,
822 2359 925 2408 cerva
937 2332 1012 2405 for·
1138 2377 1139 2394 ι

202 2452 265 2532 rub
277 2452 435 2551 corporis
448 2450 678 2544 admirandi,
691 2468 773 2523 ante
784 2450 898 2544 ipsam
911 2476 1010 2527 aram

197 2568 378 2669 intrepida
401 2566 568 2643 consistit.
595 2572 684 2641 Eam
706 2568 910 2665 praedictam
928 2570 1008 2641 hos-

201 2686 290 2761 tiam
308 2683 399 2778 rati,
416 2685 644 2786 oblatamque
657 2685 826 2761 divinitus
841 2710 1008 2784 comprs-

202 2805 381 2897 bendere,
400 2830 557 2905 moxque
570 2804 772 2877 immolant.
791 2803 931 2902 Quibus
942 2830 1008 2901 pe-

167 2968 170 2975 ,
201 2923 306 2998 raetis
319 2923 435 2996 sedata
450 2922 547 3016 lues,
561 2922 741 3022 instarque
751 2920 858 2997 aestivi
873 2936 1008 3019 tempo·

200 3041 249 3117 ris
265 3056 461 3116 reseratum
480 3056 532 3113 est
544 3040 686 3114 eoelum.
708 3042 886 3114 Caeterum
901 3040 1008 3140 virgi-
1133 3111 1134 3114 ,

200 3156 473 3248 namathites,
494 3172 601 3256 atque
618 3157 656 3233 hi
668 3156 730 3255 qui
741 3155 912 3230 sacrificio
924 3182 1007 3253 praa·

189 3280 323 3367 ¹fuere,
345 3274 436 3348 clam
458 3300 585 3347 omnes
607 3272 685 3374 regi
695 3275 929 3374 Scytharum,
946 3273 1007 3378 qui

199 3418 243 3475 eo
258 3408 424 3497 tempore
440 3390 584 3491 aderat,
597 3391 908 3474 commendavere.
988 3435 989 3439 ¹
