2284 4000
218 337 287 411 ¹70
399 337 582 389 sununs
610 338 665 384 nr
692 325 850 386 enom.

211 467 294 531 ,tum
312 450 351 524 in
368 449 548 528 Graeciam
566 449 726 545 misisse,
740 466 780 525 ut
796 451 834 523 hi
850 450 918 524 sibi
934 449 1042 524 satis-

212 571 375 646 facerent
390 569 490 672 quod
519 585 662 668 patrem
690 596 798 644 suum
823 565 1040 669 necassent,

212 687 416 766 Hesionam
433 686 501 764 sibi
518 687 736 762 redderent:
751 686 1041 764 illoscontume-

209 806 300 882 tiose
315 820 483 882 tractasse
497 861 510 898 ,
525 819 565 881 et
579 806 807 883 Antenorem
821 804 911 880 nihil
923 804 970 879 ab
982 803 1040 880 eis

210 923 438 1024 impetrasse.
448 925 592 1000 Verum
605 923 779 1025 qnoniam
793 951 896 1001 suam
907 923 1041 1001 volun-

213 1059 328 1132 tatem
338 1044 454 1120 facere
469 1041 664 1118 noluissent
678 1098 690 1135 ,
705 1043 819 1119 videri
828 1044 919 1139 sihi,
933 1069 1040 1118 exer·

213 1162 331 1248 citum
341 1159 378 1236 in
388 1160 565 1238 Graeciam
578 1158 746 1254 mittere,
759 1161 823 1264 qui
832 1153 975 1262 praedas
986 1189 1042 1236 ra·

215 1296 320 1380 peret
350 1280 395 1355 ab
412 1277 486 1372 eis,
506 1306 551 1352 ne
580 1277 758 1353 Barbaros
784 1278 900 1356 Graeci
914 1279 1039 1356 irrisui

216 1401 403 1478 haberent,
430 1399 681 1498 Hortatusque
694 1412 747 1472 est
764 1397 927 1472 Priamus
945 1397 1041 1474 libe-

216 1543 278 1596 ros
293 1540 376 1590 snos
387 1571 399 1608 ,
418 1529 459 1588 ut
478 1515 586 1614 hujus
611 1513 663 1590 rei
685 1514 865 1614 principes
886 1515 1008 1591 forent
1027 1574 1040 1610 ,

218 1633 378 1708 maxime
394 1635 597 1707 Hectorem
617 1661 626 1704 t
641 1632 829 1707 eratenim
842 1633 961 1733 major
974 1661 1042 1708 na-

217 1768 260 1830 ru
271 1785 285 1826 ·:
301 1751 364 1854 qui
375 1751 484 1850 eoepit
496 1749 640 1846 dicere,
657 1752 749 1828 veile
761 1779 799 1828 se
812 1751 959 1853 quidem
974 1781 1041 1829 vo-

218 1870 396 1949 luntatem
413 1875 524 1967 patris
542 1870 714 1971 exsequi,
730 1885 766 1945 et
779 1871 1041 1946 Laomedontis

216 1987 277 2071 avi
293 1986 348 2065 sui
364 2013 492 2065 necem
505 1986 647 2082 idcisci,
668 2006 704 2064 et
716 2016 962 2091 quascumque
982 1991 1041 2064 in·

219 2107 330 2211 jurias
353 2108 468 2183 Graeci
491 2106 660 2208 Trojanis
690 2100 879 2204 fecissent,
904 2136 950 2182 ne
970 2109 1043 2185 im·-

218 2226 390 2327 punitum
406 2226 444 2298 id
458 2225 574 2301 Graiis
601 2225 695 2300 foret
717 2258 724 2297 :
748 2228 811 2301 scd
838 2227 970 2322 vereri,
993 2257 1040 2303 ne

115 2362 117 2369 ’
218 2344 475 2444 nonperficere
488 2358 633 2442 possent
650 2346 749 2445 quod
764 2346 883 2420 conati
896 2364 1037 2442 essent5

220 2463 355 2560 multos
368 2462 550 2562 adjutores
569 2463 717 2537 Graeciae
737 2464 900 2556 futuros,
918 2468 1041 2539 Euro-

220 2608 307 2681 pam
325 2579 510 2659 bellicosos
536 2581 701 2656 homines
719 2581 878 2675 habere,
910 2582 1039 2661 Asiam

218 2726 364 2800 semper
376 2698 414 2773 in
421 2698 554 2775 desidia
566 2699 679 2789 vitam
694 2699 873 2806 exegisse,
888 2716 924 2778 et
936 2702 984 2780 ob
998 2702 1038 2779 id

220 2817 370 2905 classem
383 2844 456 2895 non
472 2819 615 2897 habere.
