2284 4000
185 298 233 372 56
370 323 546 372 urrann
575 325 630 372 na
657 317 818 376 raom

185 435 245 506 nid
251 457 400 527 ,omnes
408 434 585 534 Pelopidae
594 436 630 510 in
640 437 1004 533 nnumeonveniunt,

185 569 293 654 atque
311 551 521 653 interpositis
542 554 774 656 jurisjurandi
798 555 1000 658 religione,

185 673 224 747 ni
237 669 378 747 Helena
394 699 478 748 cum
498 673 655 773 abreptis
670 677 907 770 redderetur,
923 675 1010 779 bel-g

186 789 264 863 lum
281 817 317 865 se
331 789 475 864 Priamo
494 789 666 866 inlaturos
682 793 910 871 confirmant.
925 797 1002 868 Le-

187 910 261 1012 gati
281 910 579 987 Lacedaemonam
605 911 773 1001 redeunt;
794 913 839 988 de
859 911 1005 987 Heleni

187 1017 335 1130 ejusque
357 1029 540 1105 voluntate
565 1045 722 1104 narrant.
745 1029 839 1106 Dein
866 1028 1003 1104 Priami

188 1145 418 1249 filiorumque
436 1149 512 1250 ejus
527 1150 717 1228 adversum
730 1176 767 1225 se
782 1147 875 1224 dicta
886 1149 1010 1252 gesta-'

189 1291 279 1368 que,⁰
292 1267 427 1370 grande
438 1265 658 1366 praeconium
673 1267 757 1344 fidei
768 1297 854 1372 erga
865 1269 1003 1372 legatos

188 1383 383 1460 Antenoris
391 1386 632 1484 praeferentes.
642 1388 733 1488 Quae
739 1385 803 1460 uti
810 1414 981 1486 accepere
988 1445 1003 1483 ,

190 1501 387 1578 decernunt
406 1504 460 1578 uti
481 1504 612 1610 singuli
632 1505 670 1578 in
698 1505 770 1579 suis
785 1504 872 1582 locis
893 1521 1003 1608 atque

187 1619 349 1720 imperiis
361 1650 449 1724 opes
463 1623 547 1702 belli
567 1639 706 1724 parent.
726 1623 840 1727 Igitur
855 1653 899 1700 ex
912 1651 1004 1700 con-

189 1739 258 1814 'citii
274 1737 447 1818 sententia
455 1787 470 1839 ,-
485 1758 711 1842 opportunus
730 1742 830 1818 loeus
849 1744 896 1819 ad
911 1771 1002 1818 con-

189 1858 428 1956 veniendum,
451 1876 487 1936 et
503 1859 540 1934 in
558 1885 631 1963 quo
651 1862 697 1937 de
721 1877 896 1962 apparatu
916 1859 1002 1935 hetti

188 1995 375 2085 ageretur,
396 1981 489 2085 Argi
514 1978 702 2059 Diomedis
727 1985 882 2085 'regnum
911 1977 1003 2057 deli-

189 2099 297 2202 gitur.

322 2244 325 2259 ’
389 2278 611 2353 ,CAPUT
646 2279 778 2352 x111.

234 2474 305 2545 Irn
314 2468 379 2545 ubi·
391 2486 533 2569 tempus
545 2468 663 2545 visum
677 2483 749 2561 est,
764 2466 904 2566 primus
915 2452 1001 2541 om·-¹

185 2588 288 2663 nium
309 2588 447 2691 ingenti
469 2586 617 2662 nomine
639 2585 779 2663 virtutis
796 2601 904 2687 atque
917 2599 1002 2661 tor-

184 2706 282 2804 poris
296 2699 390 2808 Ajax
409 2704 642 2781 Telamonius
665 2704 831 2799 advenit,
854 2732 936 2780 cum
955 2731 1000 2778 eo

185 2828 327 2899 Teucer
340 2825 462 2901 frater.
477 2826 571 2901 Dein
580 2826 676 2899 haud
688 2826 805 2899 multo
819 2840 900 2923 post
912 2824 1001 2897 Ido-

184 2968 334 3018 meneus
360 2958 396 3019 et
421 2942 636 3037 Meriones,
666 2936 809 3016 summa
841 2942 936 3016 inter
962 2967 1000 3016 se

183 3062 298 3163 juncti
316 3061 517 3138 concordiis„
537 3065 677 3137 Eorum
695 3084 764 3164 ego
776 3075 918 3135 secutus
934 3085 1000 3135 co-

184 3180 374 3277 unitatum,
384 3208 424 3256 ea
438 3180 586 3283 quidem
594 3196 783 3283 quaeantea
796 3178 893 3277 apud
899 3182 1001 3253 Tro-

103 3378 109 3389 ,
183 3302 257 3393 iarn
282 3316 380 3403 gesta
396 3316 477 3375 sunt
499 3302 544 3377 ab
564 3300 696 3403 Ulysse
719 3297 865 3402 cognita
887 3324 999 3399 qnam

183 3418 449 3520 diligentissime
459 3419 563 3497 retuli
581 3417 790 3519 :etreliqua
807 3445 885 3519 quoe
899 3413 1001 3504 dein

1133 3471 1135 3518 t
