2284 4000
141 323 146 328 .
228 263 293 336 158
404 287 582 341 ousnnn
610 287 666 332 ns
694 283 845 333 ruore.

209 393 490 494 ‚consuescerent
502 397 617 476 Graeci
629 396 1045 472 adsualittoranavibus

211 518 421 602 adventare.
445 517 558 600 Mittit
588 517 711 618 itaque
733 515 779 590 ad
799 532 951 614 portum
969 516 1042 616 qm

218 635 357 730 dicant,
374 652 415 711 ut
423 634 541 712 Graeci
553 635 598 710 de
607 633 737 708 finibus
744 629 822 734 ejus
829 631 1039 707 discedant:

219 767 256 830 et
267 752 296 827 si
308 779 381 831 non
394 753 491 830 dicto
502 751 726 844 obedissent,
743 765 823 824 tum
833 776 908 825 sese
922 750 1041 824 armis

219 872 419 972 ejecturum
432 872 476 947 de
491 861 632 944 finibus.
647 874 801 960 Jasouet
814 869 974 970 quicum
989 893 1041 942 eo

212 1005 413 1084 uenerant,
429 987 586 1092 graviter
602 981 762 1061 tulerunt
784 985 1040 1073 crudelitatem

219 1107 495 1201 Laomedontis,
509 1106 559 1180 sic
571 1105 662 1178 seab
674 1131 719 1180 eo
730 1104 895 1198 tractari,
917 1131 1041 1205 quum

220 1209 316 1300 nulla
328 1225 373 1298 ab
395 1224 460 1297 illis
479 1221 610 1322 injuria
628 1221 721 1297 fucta
741 1238 831 1298 esset
848 1253 857 1294 :
877 1217 1040 1311 simulet

210 1343 396 1435 ‘timebant
418 1339 687 1416 multitudinem
709 1340 972 1434 Barbarorum,
1006 1341 1040 1415 si

221 1477 345 1540 contra
358 1459 553 1560 imperium
565 1474 782 1546 conarentur
797 1486 1016 1558 permanere
1022 1515 1040 1555 ,
1136 1536 1138 1561 ξ

219 1606 266 1660 ne
279 1578 570 1680 opprimerentur
586 1609 593 1650 :
613 1604 728 1680 quum
742 1575 811 1676 ipsi
827 1601 902 1650 non
917 1563 1041 1660 essent
1136 1574 1137 1579 ’

220 1695 334 1798 parati
347 1700 392 1775 ad
405 1697 667 1798 proeliandum,
680 1692 803 1772 navim
815 1694 1040 1778 conscende-

220 1833 305 1891 runt
313 1873 325 1910 ‚
340 1833 460 1892 eterra
467 1827 707 1906 recesserunt,
719 1802 874 1890 Colchos
881 1812 1040 1912 profecti

222 1948 323 2028 sunt,
334 1932 468 2035 pellem
481 1931 721 2027 abstulerunt,
739 1930 893 2007 domum
902 1930 1040 2009 reversi

223 2066 316 2127 sunl.

472 2230 667 2299 CAPUT
698 2232 784 2297 III.

257 2399 763 2502 'Hincmns'g'raditertolitu
779 2426 865 2502 rege
876 2393 1042 2477 Laome-

219 2519 334 2618 donte
344 2516 912 2619 contpmeliosesesetractatum,
926 2533 962 2611 et
973 2544 1040 2592 eos

204 2622 323 2739 ἢιἰιιὶ
300 2666 370 2709 una
380 2628 519 2735 profect
505 2634 827 2730 tierentColchos,
842 2630 1042 2711 cunrJ'aso-

203 2753 208 2849 J
222 2782 268 2828 ne
275 2758 538 2857 ,Spartamque
549 2756 595 2829 ad
604 2758 792 2830 Castorem
806 2767 842 2828 et
853 2753 1041 2882 Pollucem

204 2976 209 2983 .,
223 2872 330 2951 veuit
342 2872 604 2977 Agitcumhis,
618 2888 788 2973 utsecum
800 2859 1044 2973 suasinjun'ias
1136 2929 1137 2964 ι

223 2990 434 3095 defendant,
451 3018 497 3093 ne
507 2966 760 3101 Laomedon
748 3018 909 3091 impune
926 2989 1044 3093 ferat,
1136 2991 1137 3008 ¹

225 3106 323 3210 quod
347 3097 513 3216 illosat
494 3136 571 3181 erra
598 3126 633 3184 et
660 3123 783 3218 portu
789 3086 1043 3241 prohibuisset

224 3227 359 3301 Multos
382 3218 578 3337 adjutores
586 3226 671 3301 dicit
690 3226 852 3321 futuros,
876 3226 905 3301 si
921 3254 959 3327 se
978 3253 1044 3315 ac-

223 3340 535 3423 commodassent
542 3331 686 3471 Castor
711 3362 748 3428 et
769 3345 894 3429 Pollux
919 3346 1043 3439 omnia
