2284 4000
142 265 146 271 ¹
264 302 449 353 sununs
477 301 534 347 nn
560 294 719 375 rents,
826 256 892 345 261'

275 475 480 545 CAPUT
516 474 709 550 XXXV·
817 472 818 477 ’

138 649 294 735 Durnnn
314 644 513 722 concilium
527 658 702 721 convocat
720 673 729 715 ε
747 641 902 745 Argivos

94 764 302 867 alloquitur,
327 764 444 863 placet
473 760 643 837 omnibus
669 756 819 865 utquid
845 761 904 863 taff

95 885 221 984 ciendo
240 909 331 983 opus
345 881 412 977 sit,
431 879 482 954 dii
493 880 734 957 consulantur.
754 880 906 960 Mittunt

90 1000 266 1105 munnuo
278 998 342 1101 qui
357 997 542 1082 consulere
558 997 712 1080 debeant
728 1028 743 1101 :¹
758 996 821 1101 qni
833 1022 908 1072 res·

97 1144 252 1220 pensum
261 1117 453 1216 accipiunt,
461 1143 528 1217 per
540 1114 908 1219 Achillisprogeniem
944 1204 950 1215 s

98 1239 209 1312 finem
225 1236 362 1338 negotii
375 1234 465 1311 fleri.
481 1237 606 1337 Quum
621 1234 700 1312 hoec
714 1233 835 1311 nuncii
850 1260 911 1309 re-

99 1356 279 1449 tulissent,
302 1335 495 1457 Ajax'aitt
518 1354 645 1454 Quum
668 1350 797 1429 Achilli
818 1350 911 1428 lilius

99 1472 364 1571 Neoptolemus
375 1468 548 1571 supersit,
567 1494 653 1543 eum
673 1484 841 1568 oportere
854 1496 914 1547 ac-

101 1589 223 1669 cersiri
247 1590 294 1664 ad
322 1588 544 1683 exereitum,
569 1609 611 1663 ut
639 1601 780 1686 patrem
807 1612 914 1662 suum

102 1710 316 1785 idciscatur:
339 1706 557 1809 tandemque
578 1705 695 1805 placet
717 1706 916 1807 Agamem-

53 1912 60 1916 ,
98 1828 192 1905 noni
212 1842 249 1928 et
268 1825 439 1900 omnibus
453 1824 655 1901 consilium.
671 1826 787 1899 Datur
805 1850 919 1927 nego·

105 1946 197 2020 tium
214 1943 381 2020 Menelao
398 1974 407 2017 :
431 1942 490 2019 hic
506 1945 661 2046 Scyrum
680 1940 919 2042 proficiscitur

104 2050 416 2167 ad'Lycomedem
440 2088 549 2139 avum
574 2061 682 2162 ejus&
703 2043 859 2160 imperat
879 2073 920 2134 ut

106 2197 279 2281 nepotem
296 2207 403 2279 suum
423 2178 555 2254 mittat.
573 2178 683 2282 Quod
696 2178 921 2281 Lycomedes

108 2299 254 2403 Argivis
275 2299 429 2376 libenter
446 2297 630 2379 concessit.
652 2299 849 2398 Postqmm
866 2297 922 2372 in-

108 2415 225 2490 dueiae
246 2417 430 2511 exiemmt,
450 2419 708 2520 Agamemnon
724 2403 921 2492 exercitum

110 2531 253 2625 eduxit,
276 2531 438 2627 instruit,
468 2537 644 2608 hortatur.
672 2536 809 2610 Contra
832 2536 924 2626 Tro·
1010 2629 1017 2638 N

110 2649 185 2751 jani
205 2652 385 2749 prodeunt
401 2651 592 2748 :proelium
611 2650 863 2726 committitur.
880 2656 924 2728 ln

110 2767 231 2868 prima
249 2767 323 2844 acie
340 2769 436 2868 Aiax
448 2782 629 2864 versatur,
648 2767 805 2845 clamore
825 2795 926 2873 mag·

112 2913 163 2962 no
180 2901 274 2986 orto.
295 2885 402 2962 Multi
426 2912 470 2962 ex
483 2898 635 2989 utraque
657 2901 759 2986 perte
778 2889 922 2963 cadunt.

42 3005 50 3016 “
113 3005 318 3082 Alexander
340 3031 464 3081 arcum
494 3020 638 3101 tenens,
659 3005 793 3081 multos
820 3007 927 3082 inter·

113 3123 210 3218 ficit,
223 3122 344 3224 Ajacis
362 3121 455 3198 latus
470 3123 609 3198 nudum
631 3123 720 3226 figi-t.
740 3123 834 3222 Ajax
849 3150 926 3200 sau-

89 3318 98 3328 ,
113 3241 190 3318 cius
202 3266 267 3342 per
278 3242 397 3317 hostes
411 3234 580 3343 persequi
599 3239 845 3344 Alexandrum
860 3268 927 3317 coe-

114 3358 171 3460 pit
190 3385 282 3440 :nec
301 3358 456 3460 destitit,
472 3356 541 3437 nisi
556 3374 810 3462 prosterneret.
832 3358 929 3461 Aiax
