2284 4000
291 294 757 383 uruuucruourirtr.
879 297 924 388 41
1036 374 1042 377 ,

42 464 45 472 ·
120 431 402 535 rantes-signum
422 434 521 535 quod
536 432 612 535 igni
630 432 724 507 elato
735 432 868 523 Sinon,
884 428 933 503 ad

121 576 203 623 eam
220 576 300 623 rem
322 550 415 626 clam
434 551 589 649 positus,
606 549 793 625 sustulerat
806 581 817 622 ε
830 552 934 627 mox·

122 650 193 767 que
215 691 342 742 omnes
364 684 558 769 postquam
579 668 757 744 intravere
776 665 933 760 moenia,

118 784 238 863 divisis
252 785 346 861 inter
366 812 404 861 se
421 787 570 863 civitatis
583 786 689 881 locis,
703 785 768 862 ubi
787 786 934 889 siguum

120 901 247 1004 datum
273 930 471 1007 agnovere,
494 904 629 980 caedere
655 930 717 980 eos
738 897 934 1038 quos'fors

119 1020 322 1123 objecerat,
346 1023 694 1125 atqueohtruncare
717 1021 850 1122 passim
868 1048 943 1121 per.

120 1138 249 1215 domos
261 1155 370 1240 atque
385 1140 476 1233 vias,
490 1140 569 1217 loca
581 1167 680 1218 sacra
691 1140 936 1241 profanaque,

125 1256 199 1347 etsi
215 1257 279 1359 qui
291 1274 538 1359 persenserant
544 1284 780 1361 ,priusquam
791 1284 935 1335 armare
973 1348 974 1353 ,
1031 1248 1034 1252 ’

123 1400 181 1470 se,
196 1392 259 1452 aut
278 1376 374 1455 'aliud
394 1402 463 1477 pro
484 1376 597 1455 salute
615 1404 744 1478 capere
767 1377 936 1480 quirent,
955 1387 958 1393 '

123 1492 362 1595 opprimere:
381 1522 529 1595 prorsus
541 1496 641 1573 nullu
653 1496 938 1602 requiesstragis

126 1630 234 1716 atque
259 1616 430 1690 funerum
440 1642 588 1717 ,quum
613 1612 734 1715 palam
754 1632 791 1691 et
812 1616 851 1691 in
872 1644 939 1693 ore

125 1758 275 1809 suorum
298 1733 420 1829 liberi,
444 1750 682 1835 parentesque
708 1760 843 1838 magno
863 1736 940 1809 ins-

126 1851 346 1950 pectantium
369 1852 509 1955 gemitu
529 1868 764 1947 necarentur,
779 1878 941 1954 moxque

125 1969 194 2072 ipsi
216 1971 279 2074 qui
299 1971 500 2072 spectaculo
523 1970 814 2048 charissimorum
830 1971 941 2048 inter·

93 2178 98 2188 Ι
126 2091 290 2186 fuerant,
310 2090 555 2166 miserandum
576 2091 615 2165 in
636 2091 790 2167 modum
811 2089 940 2166 interi-

121 2225 218 2284 rent.
247 2211 379 2313 Neque
408 2209 551 2313 segnius
576 2238 642 2311 per
666 2225 782 2285 totam
809 2209 941 2286 urbem

128 2325 300 2402 incendiis
322 2344 487 2431 gestum,
508 2327 634 2427 positis
649 2329 750 2432 prius
774 2327 941 2404 defenso-

127 2445 225 2518 ribus
243 2445 288 2519 ad
307 2446 460 2520 domum
477 2447 600 2522 AEneae
611 2463 721 2547 atque
734 2445 939 2523 Antenoris.

128 2563 278 2638 Interim
308 2563 472 2638 Priamus
501 2592 541 2640 re
573 2566 744 2667 cognita,
767 2566 814 2640 ad
833 2593 943 2641 aram

128 2679 511 2758 Jovisanteaedifieialis
523 2681 702 2783 confugit,
708 2683 936 2815 multique
896 2713 942 2762 ex

130 2825 174 2874 eo
182 2798 264 2874 loco
272 2797 460 2898 adrehqua
469 2799 622 2872 deorum
632 2798 805 2899 templa
775 2802 953 2914 .1n.queis
1036 2848 1040 2855 ’

131 2916 384 3004 Cassandram
402 2916 515 2992 aedem
542 2916 727 3007 Mineruae
751 2922 826 3013 Sed
845 2937 957 3020 post,

132 3062 243 3139 quam
261 3034 446 3112 universos
468 3034 531 3136 qui
550 3033 588 3110 in
603 3062 734 3114 manus
753 3055 947 3132 uenerant,

130 3141 243 3255 foede,
262 3169 375 3255 atque
394 3152 530 3230 inultos
548 3135 827 3250 obtruncavere,
846 3155 946 3230 ocu*-

130 3271 251 3372 piente
270 3271 519 3365 lucedomuur
542 3272 584 3352 iu
608 3301 681 3374 qua
700 3272 844 3346 Helena
867 3286 945 3374 erat
1026 3300 1029 3304 ·

130 3387 403 3502 aggrediuntur.
423 3390 478 3466 lbi
495 3391 680 3498 Menelaus
692 3387 944 3492 Deiphobum,
