2284 4000
216 275 282 352 xeo
390 296 571 351 ausura
600 296 657 345 nr
683 293 837 345 naorr.

210 440 342 515 equOS,
357 414 472 516 regias
488 437 595 511 oPeS,
615 390 652 485 et
671 411 718 486 ad
731 424 959 510 postremum
970 408 1062 484 uti*

127 543 130 549 ’
210 530 370 632 quidque
382 556 458 605 sors
473 529 621 606 dederat
634 583 646 623 ,
661 526 882 628 praeripiunt.
1141 518 1142 547 ³

400 726 608 799 CAPUT
644 726 842 798 XLVII

260 878 349 954 Hoc
363 876 475 956 modo
494 878 649 956 victores
670 879 773 1001 Graji
799 879 923 957 deletis
949 911 1043 959 cum

212 998 434 1097 Imperatore
448 998 669 1095 Thracibus,
686 980 806 1073 onusti
830 1002 952 1100 praeda
978 1020 1044 1078 at·
1079 1077 1082 1081 s

214 1143 285 1220 que
317 1116 490 1212 victoria,
525 1117 572 1192 ad
604 1145 711 1196 naves
743 1118 1039 1221 digrediuntur:

215 1263 330 1337 quum
353 1234 499 1309 interim
521 1236 673 1339 Trojaui
694 1265 739 1311 ex
755 1237 871 1321 muris
891 1266 1043 1339 respec
1141 1318 1142 1341 χ

215 1368 331 1427 tautes
340 1377 603 1463 nequrcquam‚
616 1381 714 1453 pro
693 1354 895 1430 socusrutra
905 1382 1043 1430 moema
1141 1346 1142 1365 ¹

216 1488 339 1545 tamen
356 1468 585 1567 trepidarent
606 1471 721 1574 Igitur
732 1471 880 1550 Barbari
893 1486 948 1547 tot
962 1472 1042 1572 jam

218 1586 371 1665 adversis
384 1588 490 1663 rebus
503 1588 627 1683 fracti,
640 1588 777 1691 legatos
787 1590 945 1665 inducias
959 1612 1046 1688 poss

220 1706 432 1783 tulantesad
444 1708 589 1783 Graecos
604 1708 765 1781 mittunt
784 1709 841 1784 Ae
856 1734 946 1782 mox
956 1733 1043 1782 nos·
1140 1702 1142 1707 ’

88 1866 91 1872 ’
221 1826 285 1901 tris
300 1826 545 1903 conditionem
560 1826 862 1926 approbantibus,
878 1826 1044 1925 interpo-
1140 1928 1142 1935 Ι

225 1944 292 2021 sito
309 1942 483 2019 sacrificio
504 1942 615 2020 fidem
634 1942 729 2046 pacti
750 1943 950 2037 firmavere
967 1946 1045 2019 Eo-

226 2049 309 2138 dem
331 2062 408 2136 fere
426 2079 592 2161 tempore
605 2065 779 2165 ChryseS,
794 2091 906 2165 quem
926 2089 1045 2139 sacer-

226 2181 350 2296 dotem
369 2180 537 2255 Sminthii
554 2179 732 2313 Apollinis
745 2207 851 2279 supra
865 2207 1046 2254 memora-

229 2300 368 2391 vimus,
386 2297 432 2370 ad
454 2297 652 2372 exercitum
670 2296 766 2373 veuit
780 2313 900 2370 actum
918 2297 1046 2400 gratias

11 2426 14 2481 t
107 2426 110 2430 ’
229 2443 336 2518 super
353 2417 428 2511 his,
448 2416 577 2518 quaein
594 2444 631 2490 se
649 2431 793 2515 recepta
807 2414 878 2488 lilia
883 2414 1048 2534 benigne
1140 2493 1142 2500 ,

230 2535 275 2606 ab
288 2533 417 2607 nostrrs
432 2549 528 2644 gesta
544 2544 668 2609 erant:
661 2534 733 2608 ·0b
748 2562 843 2634 quae
841 2543 917 2606 tam
932 2533 1048 2608 hono-

225 2651 353 2746 risina,
372 2651 479 2727 simul
499 2653 599 2756 quod
616 2657 846 2756 Astynomen
860 2650 1048 2726 liberaliter

205 2771 392 2846 habitam
425 2789 664 2876 cognoverat,
701 2771 887 2855 reductam
928 2796 1047 2849 secum

235 2893 503 2994 Agamemnoni
527 2891 647 2967 tradit.
671 2892 802 2991 Neque
825 2886 942 2968 multo
970 2904 1048 2986 post

211 3005 213 3010 ’
236 3009 431 3085 Philocteta
443 2991 530 3086 dum
545 3010 599 3084 his
607 3066 619 3105 ,
633 3007 698 3109 qui
712 3023 855 3106 partem
867 3006 994 3104 praedae
1003 3006 1047 3082 ad

238 3157 322 3204 eum
336 3145 587 3228 portaverant,
604 3132 745 3202 Lemno
765 3124 1048 3237 regreditur,in·

237 3248 373 3325 validus
384 3243 605 3345 etiamtum,
618 3242 1049 3350 nequesatisfirrnogr'es·
1072 3251 1075 3255 ’

240 3387 292 3441 Su
