2284 4000
289 324 454 374 navae
495 309 718 374 secono.
847 307 912 377 ηδ

106 431 269 520 medum
280 435 347 510 sibi
360 428 529 526 retinuit3
550 418 652 536 quod
668 434 917 536 ejusdemaeta-

106 551 149 626 tis
161 568 267 655 atque
278 553 457 640 alimoniae
468 581 543 632 non
556 553 633 630 sine
645 579 780 657 magno
794 553 920 632 dolore

52 659 58 664 ’
105 665 221 748 diielti
233 688 422 772 poterant,
438 688 475 750 et
489 672 540 748 ob
553 671 591 746 id
609 673 683 773 jam
696 687 797 747 antea
816 673 921 777 geni-

107 787 174 862 bus
201 789 351 865 Achillis
378 790 579 884 obrodutae,
602 817 648 864 ne
672 807 922 889 separarentur

106 907 248 1009 magnis
257 907 422 1007 precibus
432 922 635 984 oraverant.
651 909 831 984 Caeterum
844 907 924 984 reli-
1003 905 1004 908 ¹

106 1051 179 1126 qua
196 1027 316 1125 praeda
335 1025 471 1104 uiritim
488 1027 538 1101 ob
552 1023 777 1128 singidorum
793 1027 924 1104 merita

107 1143 299 1220 distributa
315 1161 378 1220 est.
391 1145 484 1221 Dein
501 1174 580 1246 quae
597 1145 692 1246 Ajax
708 1163 926 1245 apportave-

106 1281 185 1361 rat,
201 1265 353 1368 Ulysses
371 1279 408 1340 et
430 1263 626 1340 Diomedes
647 1279 777 1367 rogatu
792 1266 870 1367 ejus
887 1267 927 1343 in

31 1449 34 1452 ,
106 1383 250 1461 medios
265 1382 430 1458 intulere.
444 1384 511 1458 'Ex
529 1382 632 1482 queis
652 1381 730 1456 auri
743 1398 851 1485 atque
864 1411 927 1459 ar-

107 1501 397 1603 gentiquantum
410 1498 494 1574 satis
506 1499 711 1594 videbatur,
724 1501 926 1602 Agamem«

105 1617 193 1694 noni
207 1645 285 1721 regi
274 1616 426 1694 datur:
441 1615 753 1715 acdeindeAjaci,
764 1618 926 1722 obegre-

107 1735 164 1839 gia
190 1735 422 1811 laborum
376 1761 467 1862 ejus
491 1732 670 1828 facinora,
694 1737 926 1813 Teuthrantis

109 1853 226 1928 filiam
243 1835 474 1930 Tecmessam
492 1851 706 1928 concedunt
726 1857 779 1928 Ita
806 1853 925 1932 divisis

54 2045 57 2050 .
109 1971 332 2075 insingulos
351 1997 432 2074 quae
448 1985 680 2070 supererant,
699 1971 927 2055 frumentum

110 2117 176 2193 per
189 2090 389 2168 exercitum
402 2090 628 2190 dispartiunt.

280 2256 283 2261 ’
359 2290 555 2359 carus
587 2290 681 2359 xx.

164 2448 243 2520 His
256 2440 360 2534 artis,
373 2440 484 2515 fidem
499 2441 595 2539 pacti
609 2439 708 2542 quod
725 2466 808 2514 cum
825 2440 931 2545 Poly-

115 2578 276 2639 mestore
289 2559 554 2653 intercesserat,
566 2556 811 2661 traditumque
824 2560 930 2664 Poly·

114 2684 251 2759 dorum
264 2679 386 2761 refert.
400 2678 461 2750 Ob
475 2703 553 2777 quae
573 2704 594 2748 a
610 2678 745 2753 cunctis
763 2679 931 2755 decerni-

117 2818 181 2876 tur
192 2856 206 2893 ,
218 2814 259 2873 ut
269 2797 419 2895 Ulysses
431 2820 516 2871 cum
533 2792 708 2880 Diomede
720 2797 873 2894 profecti
885 2798 932 2877 ad

116 2913 328 3013 Priamum,
352 2913 534 2991 Helenam
551 2940 638 2988 cum
658 2914 814 3013 abreptis
828 2940 931 2992 recu·

26 3017 30 3032 ⁸
118 3051 307 3142 pararent,
324 3041 432 3135 atque
452 3032 502 3107 ita
522 3031 746 3135 Polydorum
763 3035 841 3138 regi
855 3051 932 3110 tra-
985 3082 990 3093 »

118 3161 260 3236 darent.
274 3153 389 3258 Igitur
399 3152 929 3257 hispergentibus‚Menelans,
957 3189 967 3209 ν

117 3280 160 3353 in
173 3277 274 3376 cujus
291 3272 442 3376 gratiam
457 3272 497 3345 id
514 3272 701 3373 negotium
714 3272 929 3374 gerebatur,
1051 3333 1054 3342 .

117 3392 306 3496 legationis
315 3390 472 3469 officium
481 3391 558 3491 ejus
570 3390 705 3490 pariter
717 3416 801 3468 cnm
811 3415 934 3496 supraq
