2284 4000
331 340 742 437 urranrnrurnn‘
897 349 942 429 19

387 501 680 600 oaeurtu

180 696 332 805 Qu'rnus
345 701 497 805 cognitis
509 696 713 798 Menelaus,
726 698 948 777 etsiabstrac·

127 821 183 897 tio
205 821 369 924 conjugis
382 820 546 894 animum
559 836 809 920 permoverat,
829 817 945 893 multo

130 939 413 1038 ampliustamen
422 940 470 1014 ob
478 940 648 1042 injuriam
656 940 831 1014 adfinium
837 963 948 1040 ,quas

129 1075 241 1155 supra
254 1055 556 1150 memoravimus,
570 1057 876 1132 consternabatur.
896 1056 947 1129 Aa

130 1173 197 1250 ubi
216 1173 469 1252 animadvertit
491 1173 723 1270 Palamedes,
751 1173 948 1278 regamini
1028 1199 1031 1209 ¹

129 1308 241 1394 atque
258 1291 504 1394 indignatione
518 1291 782 1390 stupefactum,
799 1291 950 1368 concilio

130 1408 328 1502 excidisse,
358 1407 435 1506 ipse
459 1427 567 1486 naves
582 1426 704 1510 parat,
719 1427 828 1513 atque
849 1409 952 1486 omni

130 1528 373 1610 instrumento
401 1527 619 1625 compositas
650 1543 754 1604 terrae
783 1527 948 1629 applicat.

134 1646 230 1724 Dein
245 1669 314 1744 pro
330 1659 497 1742 tempore
510 1671 639 1746 regem
654 1646 814 1722 breviter
824 1671 953 1722 conso-

133 1763 249 1860 latus,
270 1760 394 1862 positis
411 1761 521 1838 etiam
538 1787 582 1836 ex
595 1761 795 1859 divisione,
818 1790 899 1864 quae
915 1763 954 1838 in

62 1971 72 1988 Ι
136 1884 197 1959 tali
221 1873 368 1984 negotio
394 1895 539 1980 tempus
565 1880 792 1980 patiebatur,
824 1910 955 1961 navem

134 2002 326 2081 ascendere
341 1998 450 2074 facit:
476 2016 584 2101 atque
606 2000 655 2075 itu
674 2003 789 2079 ventis
813 2030 956 2095 exsen-

135 2121 248 2201 tentil
273 2119 441 2197 flantibus
452 2176 464 2214 ,
490 2117 613 2219 paucis
636 2118 762 2200 diebus
788 2126 954 2224 Spartam

134 2264 353 2346 pervenere.⁴
366 2241 420 2315 Eo
442 2239 518 2341 jam
535 2239 795 2341 Agamemnon
810 2257 846 2319 et
858 2246 956 2319 Nes-

134 2379 195 2438 tor
206 2416 219 2455 ,
234 2374 433 2457 omnesque¹
454 2355 518 2457 qui
539 2382 585 2431 ex
596 2356 736 2459 origine
755 2360 897 2460 Pelopis
917 2360 956 2439 in

134 2477 274 2558 Graeoirl
299 2474 525 2579 regnabant,
552 2476 706 2579 cognitis
732 2479 839 2554 rebus
865 2506 957 2573 con-

136 2601 327 2673 fluxerant.
340 2592 456 2699 lgitur
467 2610 662 2696 postquam
679 2596 887 2675 Menelaum
900 2598 959 2674 ad·

137 2718 276 2797 venisse
287 2714 423 2809 sciunt,
439 2714 478 2787 in
490 2742 607 2793 unum
625 2726 768 2790 coeunt.
787 2720 833 2793 Et
847 2746 958 2820 quau·

140 2863 252 2941 quam
274 2832 439 2913 atrocitas
463 2832 548 2909 facti
574 2834 621 2908 ad
644 2834 956 2937 indignationem,

138 2956 330 3055 ultumque
338 2951 485 3054 injurias
493 2951 655 3051 rapiebat
662 2968 957 3047 ,tamenexcom

139 3074 211 3153 cilii
218 3071 393 3149 sententia
401 3070 566 3173 legantur
577 3067 677 3171 prius
687 3071 960 3176 adTrojamPa·

138 3180 961 3293 lamedes,UlyssesetMeuelaus:hisquema'n-

140 3312 266 3405 datur,
275 3324 316 3383 ut
327 3308 512 3411 conquesti
526 3309 695 3413 injurias,
707 3309 910 3407 Helenam,
922 3326 961 3389 et

142 3456 222 3532 quae
238 3453 323 3507 cum
337 3428 378 3510 etl
390 3427 538 3531 abrepta
551 3445 652 3507 erant
660 3485 673 3527 ,
691 3443 907 3531 repeterent.
929 3439 938 3453 '¹
