<?xml version="1.0" encoding="UTF-8"?>
<!DOCTYPE html PUBLIC "-//W3C//DTD XHTML 1.0 Transitional//EN"
    "http://www.w3.org/TR/xhtml1/DTD/xhtml1-transitional.dtd">
<html xmlns="http://www.w3.org/1999/xhtml" xml:lang="en" lang="en">
 <head>
  <title>
</title>
<meta http-equiv="Content-Type" content="text/html;charset=utf-8" />
  <meta name='ocr-system' content='tesseract 3.04.00' />
  <meta name='ocr-capabilities' content='ocr_page ocr_carea ocr_par ocr_line ocrx_word'/>
</head>
<body>
  <div class='ocr_page' id='page_1' title='image "./histoiredelague00cailgoog_0564.png"; bbox 0 0 2284 4000; ppageno 0'>
   <div class='ocr_carea' id='block_1_1' title="bbox 303 278 982 383">
    <p class='ocr_par' dir='ltr' id='par_1_1' title="bbox 303 278 982 383">
     <span class='ocr_line' id='line_1_1' title="bbox 303 278 982 383; baseline 0.006 -29"><span class='ocrx_word' id='word_1_1' title='bbox 303 303 478 354; x_wconf 77' lang='lat' dir='ltr'><strong>ousnnr</strong></span> <span class='ocrx_word' id='word_1_2' title='bbox 508 310 556 358; x_wconf 80' lang='lat' dir='ltr'><strong>nn</strong></span> <span class='ocrx_word' id='word_1_3' title='bbox 584 308 736 360; x_wconf 73' lang='lat' dir='ltr'><strong>ruore.</strong></span> <span class='ocrx_word' id='word_1_4' title='bbox 858 278 926 383; x_wconf 80' lang='lat'><strong>169</strong></span> <span class='ocrx_word' id='word_1_5' title='bbox 979 329 982 337; x_wconf 93' lang='lat'>·</span> 
     </span>
    </p>
   </div>
   <div class='ocr_carea' id='block_1_2' title="bbox 102 423 959 2061">
    <p class='ocr_par' dir='ltr' id='par_1_2' title="bbox 102 423 959 2061">
     <span class='ocr_line' id='line_1_2' title="bbox 113 423 959 502; baseline 0.007 -5"><span class='ocrx_word' id='word_1_6' title='bbox 113 423 253 498; x_wconf 77' lang='lat' dir='ltr'><strong>sionem</strong></span> <span class='ocrx_word' id='word_1_7' title='bbox 285 447 449 496; x_wconf 88' lang='lat' dir='ltr'><strong>sororem</strong></span> <span class='ocrx_word' id='word_1_8' title='bbox 485 423 689 499; x_wconf 82' lang='lat' dir='ltr'><strong>redderent.</strong></span> <span class='ocrx_word' id='word_1_9' title='bbox 723 427 852 500; x_wconf 77' lang='lat' dir='ltr'><strong>Castor</strong></span> <span class='ocrx_word' id='word_1_10' title='bbox 888 442 926 502; x_wconf 88' lang='lat' dir='ltr'><strong>et</strong></span> <span class='ocrx_word' id='word_1_11' title='bbox 953 423 959 434; x_wconf 45' lang='lat'>⁸</span> 
     </span>
     <span class='ocr_line' id='line_1_3' title="bbox 113 540 928 642; baseline -0.006 -28"><span class='ocrx_word' id='word_1_12' title='bbox 113 540 238 614; x_wconf 83' lang='lat' dir='ltr'><strong>Pollux</strong></span> <span class='ocrx_word' id='word_1_13' title='bbox 252 556 472 642; x_wconf 84' lang='lat' dir='ltr'><strong>negaverunt</strong></span> <span class='ocrx_word' id='word_1_14' title='bbox 488 540 659 639; x_wconf 80' lang='lat' dir='ltr'><strong>injuriam</strong></span> <span class='ocrx_word' id='word_1_15' title='bbox 679 541 823 620; x_wconf 79' lang='lat' dir='ltr'>Priamo</span> <span class='ocrx_word' id='word_1_16' title='bbox 849 543 928 621; x_wconf 73' lang='lat' dir='ltr'><strong>fac.</strong></span> 
     </span>
     <span class='ocr_line' id='line_1_4' title="bbox 115 657 927 760; baseline 0.011 -30"><span class='ocrx_word' id='word_1_17' title='bbox 115 674 190 731; x_wconf 80' lang='lat' dir='ltr'><strong>tem</strong></span> <span class='ocrx_word' id='word_1_18' title='bbox 204 684 298 752; x_wconf 86' lang='lat' dir='ltr'><strong>esse,</strong></span> <span class='ocrx_word' id='word_1_19' title='bbox 313 657 376 732; x_wconf 90' lang='lat' dir='ltr'><strong>sed</strong></span> <span class='ocrx_word' id='word_1_20' title='bbox 387 658 676 732; x_wconf 87' lang='lat' dir='ltr'><strong>Laomedontem</strong></span> <span class='ocrx_word' id='word_1_21' title='bbox 689 686 750 735; x_wconf 88' lang='lat' dir='ltr'><strong>eos</strong></span> <span class='ocrx_word' id='word_1_22' title='bbox 764 661 927 760; x_wconf 81' lang='lat' dir='ltr'><strong>priorem</strong></span> 
     </span>
     <span class='ocr_line' id='line_1_5' title="bbox 113 775 929 878; baseline 0.007 -26"><span class='ocrx_word' id='word_1_23' title='bbox 113 777 238 852; x_wconf 70' lang='lat' dir='ltr'><strong>lesisse</strong></span> <span class='ocrx_word' id='word_1_24' title='bbox 254 809 262 848; x_wconf 93' lang='lat'>:</span> <span class='ocrx_word' id='word_1_25' title='bbox 283 779 508 851; x_wconf 79' lang='lat' dir='ltr'><strong>Antenorem</strong></span> <span class='ocrx_word' id='word_1_26' title='bbox 521 775 702 852; x_wconf 88' lang='lat' dir='ltr'><strong>discedere</strong></span> <span class='ocrx_word' id='word_1_27' title='bbox 715 779 853 878; x_wconf 89' lang='lat' dir='ltr'><strong>jubent.</strong></span> <span class='ocrx_word' id='word_1_28' title='bbox 864 786 929 858; x_wconf 87' lang='lat' dir='ltr'><strong>ln-</strong></span> 
     </span>
     <span class='ocr_line' id='line_1_6' title="bbox 102 893 928 996; baseline 0 -24"><span class='ocrx_word' id='word_1_29' title='bbox 102 898 159 971; x_wconf 90' lang='lat' dir='ltr'><strong>·de</strong></span> <span class='ocrx_word' id='word_1_30' title='bbox 173 895 305 996; x_wconf 85' lang='lat' dir='ltr'><strong>Pylum</strong></span> <span class='ocrx_word' id='word_1_31' title='bbox 318 893 364 966; x_wconf 92' lang='lat' dir='ltr'><strong>ad</strong></span> <span class='ocrx_word' id='word_1_32' title='bbox 377 893 571 967; x_wconf 88' lang='lat' dir='ltr'><strong>Nestorem</strong></span> <span class='ocrx_word' id='word_1_33' title='bbox 588 893 708 988; x_wconf 84' lang='lat' dir='ltr'><strong>venit,</strong></span> <span class='ocrx_word' id='word_1_34' title='bbox 733 896 821 970; x_wconf 81' lang='lat' dir='ltr'><strong>dixit</strong></span> <span class='ocrx_word' id='word_1_35' title='bbox 834 901 928 976; x_wconf 59' lang='lat' dir='ltr'><strong>Nee</strong></span> 
     </span>
     <span class='ocr_line' id='line_1_7' title="bbox 113 1009 931 1119; baseline 0.001 -31"><span class='ocrx_word' id='word_1_36' title='bbox 113 1013 186 1090; x_wconf 82' lang='lat' dir='ltr'><strong>tori</strong></span> <span class='ocrx_word' id='word_1_37' title='bbox 198 1011 322 1119; x_wconf 82' lang='lat' dir='ltr'><strong>quade</strong></span> <span class='ocrx_word' id='word_1_38' title='bbox 335 1035 456 1086; x_wconf 85' lang='lat' dir='ltr'><strong>caussa</strong></span> <span class='ocrx_word' id='word_1_39' title='bbox 464 1009 628 1086; x_wconf 90' lang='lat' dir='ltr'><strong>venisset.</strong></span> <span class='ocrx_word' id='word_1_40' title='bbox 641 1010 715 1114; x_wconf 88' lang='lat' dir='ltr'><strong>Qui</strong></span> <span class='ocrx_word' id='word_1_41' title='bbox 723 1014 931 1113; x_wconf 87' lang='lat' dir='ltr'><strong>utaudivit,·</strong></span> 
     </span>
     <span class='ocr_line' id='line_1_8' title="bbox 115 1128 928 1230; baseline 0.002 -28"><span class='ocrx_word' id='word_1_42' title='bbox 115 1131 223 1229; x_wconf 81' lang='lat' dir='ltr'><strong>coepit</strong></span> <span class='ocrx_word' id='word_1_43' title='bbox 235 1128 447 1230; x_wconf 84' lang='lat' dir='ltr'><strong>objurgare,</strong></span> <span class='ocrx_word' id='word_1_44' title='bbox 459 1155 642 1202; x_wconf 85' lang='lat' dir='ltr'><strong>curausus</strong></span> <span class='ocrx_word' id='word_1_45' title='bbox 649 1128 736 1202; x_wconf 90' lang='lat' dir='ltr'><strong>sitin</strong></span> <span class='ocrx_word' id='word_1_46' title='bbox 749 1131 928 1210; x_wconf 82' lang='lat' dir='ltr'><strong>Graeciam</strong></span> 
     </span>
     <span class='ocr_line' id='line_1_9' title="bbox 113 1245 929 1350; baseline 0.006 -28"><span class='ocrx_word' id='word_1_47' title='bbox 113 1245 256 1338; x_wconf 84' lang='lat' dir='ltr'><strong>venire,</strong></span> <span class='ocrx_word' id='word_1_48' title='bbox 275 1273 390 1346; x_wconf 90' lang='lat' dir='ltr'><strong>quum</strong></span> <span class='ocrx_word' id='word_1_49' title='bbox 413 1274 436 1318; x_wconf 80' lang='lat' dir='ltr'><strong>a</strong></span> <span class='ocrx_word' id='word_1_50' title='bbox 461 1245 664 1348; x_wconf 83' lang='lat' dir='ltr'><strong>Phrygibus</strong></span> <span class='ocrx_word' id='word_1_51' title='bbox 684 1249 805 1326; x_wconf 83' lang='lat' dir='ltr'><strong>Graeci</strong></span> <span class='ocrx_word' id='word_1_52' title='bbox 828 1250 929 1350; x_wconf 82' lang='lat' dir='ltr'><strong>prius</strong></span> 
     </span>
     <span class='ocr_line' id='line_1_10' title="bbox 113 1361 929 1445; baseline 0.006 -5"><span class='ocrx_word' id='word_1_53' title='bbox 113 1364 185 1440; x_wconf 72' lang='lat' dir='ltr'><strong>tesi</strong></span> <span class='ocrx_word' id='word_1_54' title='bbox 195 1361 354 1438; x_wconf 86' lang='lat' dir='ltr'><strong>fuissent.</strong></span> <span class='ocrx_word' id='word_1_55' title='bbox 369 1362 446 1438; x_wconf 90' lang='lat' dir='ltr'><strong>Ubi</strong></span> <span class='ocrx_word' id='word_1_56' title='bbox 461 1363 598 1440; x_wconf 85' lang='lat' dir='ltr'><strong>audivit</strong></span> <span class='ocrx_word' id='word_1_57' title='bbox 609 1370 776 1443; x_wconf 86' lang='lat' dir='ltr'><strong>Antenor</strong></span> <span class='ocrx_word' id='word_1_58' title='bbox 787 1369 838 1442; x_wconf 92' lang='lat' dir='ltr'><strong>nil</strong></span> <span class='ocrx_word' id='word_1_59' title='bbox 853 1369 929 1445; x_wconf 89' lang='lat' dir='ltr'><strong>im-</strong></span> 
     </span>
     <span class='ocr_line' id='line_1_11' title="bbox 115 1481 928 1585; baseline 0.002 -26"><span class='ocrx_word' id='word_1_60' title='bbox 115 1499 297 1585; x_wconf 82' lang='lat' dir='ltr'><strong>petrasse,</strong></span> <span class='ocrx_word' id='word_1_61' title='bbox 314 1497 352 1556; x_wconf 87' lang='lat' dir='ltr'><strong>et</strong></span> <span class='ocrx_word' id='word_1_62' title='bbox 375 1481 633 1572; x_wconf 84' lang='lat' dir='ltr'><strong>contumeliose</strong></span> <span class='ocrx_word' id='word_1_63' title='bbox 653 1487 801 1559; x_wconf 71' lang='lat' dir='ltr'><strong>tractari</strong></span> <span class='ocrx_word' id='word_1_64' title='bbox 826 1487 928 1561; x_wconf 86' lang='lat' dir='ltr'><strong>Pria-</strong></span> 
     </span>
     <span class='ocr_line' id='line_1_12' title="bbox 116 1600 930 1695; baseline 0 -17"><span class='ocrx_word' id='word_1_65' title='bbox 116 1615 245 1695; x_wconf 86' lang='lat' dir='ltr'><strong>mum‚&#39;</strong></span> <span class='ocrx_word' id='word_1_66' title='bbox 254 1600 374 1677; x_wconf 84' lang='lat' dir='ltr'><strong>navim</strong></span> <span class='ocrx_word' id='word_1_67' title='bbox 389 1600 597 1675; x_wconf 87' lang='lat' dir='ltr'><strong>conscendit</strong></span> <span class='ocrx_word' id='word_1_68' title='bbox 609 1657 622 1695; x_wconf 89' lang='lat'><strong><em>,</em></strong></span> <span class='ocrx_word' id='word_1_69' title='bbox 635 1601 788 1676; x_wconf 89' lang='lat' dir='ltr'><strong>domum</strong></span> <span class='ocrx_word' id='word_1_70' title='bbox 805 1631 930 1680; x_wconf 81' lang='lat' dir='ltr'><strong>rever-</strong></span> 
     </span>
     <span class='ocr_line' id='line_1_13' title="bbox 116 1719 930 1822; baseline -0.001 -24"><span class='ocrx_word' id='word_1_71' title='bbox 116 1749 175 1798; x_wconf 87' lang='lat' dir='ltr'><strong>sus</strong></span> <span class='ocrx_word' id='word_1_72' title='bbox 186 1737 249 1796; x_wconf 87' lang='lat' dir='ltr'><strong>est.</strong></span> <span class='ocrx_word' id='word_1_73' title='bbox 264 1720 409 1794; x_wconf 85' lang='lat' dir='ltr'><strong>Priamo</strong></span> <span class='ocrx_word' id='word_1_74' title='bbox 422 1719 499 1821; x_wconf 85' lang='lat' dir='ltr'><strong>regi</strong></span> <span class='ocrx_word' id='word_1_75' title='bbox 512 1719 756 1814; x_wconf 82' lang='lat' dir='ltr'><strong>demonstrat,</strong></span> <span class='ocrx_word' id='word_1_76' title='bbox 771 1747 930 1822; x_wconf 83' lang='lat' dir='ltr'><strong>quomo-</strong></span> 
     </span>
     <span class='ocr_line' id='line_1_14' title="bbox 116 1838 929 1941; baseline -0.001 -25"><span class='ocrx_word' id='word_1_77' title='bbox 116 1841 164 1924; x_wconf 89' lang='lat' dir='ltr'><strong>do</strong></span> <span class='ocrx_word' id='word_1_78' title='bbox 173 1838 418 1940; x_wconf 86' lang='lat' dir='ltr'><strong>unusquisque</strong></span> <span class='ocrx_word' id='word_1_79' title='bbox 431 1839 677 1936; x_wconf 86' lang='lat' dir='ltr'><strong>responderit,</strong></span> <span class='ocrx_word' id='word_1_80' title='bbox 690 1855 726 1913; x_wconf 85' lang='lat' dir='ltr'><strong>et</strong></span> <span class='ocrx_word' id='word_1_81' title='bbox 739 1841 929 1941; x_wconf 88' lang='lat' dir='ltr'><strong>quomodo</strong></span> 
     </span>
     <span class='ocr_line' id='line_1_15' title="bbox 117 1955 927 2061; baseline 0.001 -26"><span class='ocrx_word' id='word_1_82' title='bbox 117 1960 162 2035; x_wconf 88' lang='lat' dir='ltr'><strong>ab</strong></span> <span class='ocrx_word' id='word_1_83' title='bbox 186 1958 253 2033; x_wconf 84' lang='lat' dir='ltr'><strong>iltis</strong></span> <span class='ocrx_word' id='word_1_84' title='bbox 275 1971 443 2035; x_wconf 84' lang='lat' dir='ltr'><strong>tractatus</strong></span> <span class='ocrx_word' id='word_1_85' title='bbox 465 1955 509 2031; x_wconf 91' lang='lat' dir='ltr'><strong>sit</strong></span> <span class='ocrx_word' id='word_1_86' title='bbox 533 1987 541 2030; x_wconf 76' lang='grc' dir='ltr'><strong><em>ε</em></strong></span> <span class='ocrx_word' id='word_1_87' title='bbox 570 1956 750 2061; x_wconf 86' lang='lat' dir='ltr'><strong>simulque</strong></span> <span class='ocrx_word' id='word_1_88' title='bbox 765 1959 927 2037; x_wconf 81' lang='lat' dir='ltr'><strong>hortatus</strong></span> 
     </span>
    </p>
   </div>
   <div class='ocr_carea' id='block_1_3' title="bbox 1 2077 1041 2186">
    <p class='ocr_par' dir='ltr' id='par_1_3' title="bbox 1 2077 1041 2186">
     <span class='ocr_line' id='line_1_16' title="bbox 1 2077 1041 2186; baseline -0.004 -33"><span class='ocrx_word' id='word_1_89' title='bbox 1 2148 3 2153; x_wconf 79' lang='grc'>,</span> <span class='ocrx_word' id='word_1_90' title='bbox 112 2095 169 2156; x_wconf 87' lang='lat' dir='ltr'><strong>est</strong></span> <span class='ocrx_word' id='word_1_91' title='bbox 180 2077 365 2155; x_wconf 82' lang='lat' dir='ltr'><strong>Priamum</strong></span> <span class='ocrx_word' id='word_1_92' title='bbox 377 2134 389 2173; x_wconf 90' lang='lat'><strong><em>,</em></strong></span> <span class='ocrx_word' id='word_1_93' title='bbox 403 2093 443 2153; x_wconf 90' lang='lat' dir='ltr'><strong>ut</strong></span> <span class='ocrx_word' id='word_1_94' title='bbox 463 2104 524 2155; x_wconf 90' lang='lat' dir='ltr'><strong>eos</strong></span> <span class='ocrx_word' id='word_1_95' title='bbox 536 2077 633 2186; x_wconf 75' lang='lat' dir='ltr'><strong>beilo</strong></span> <span class='ocrx_word' id='word_1_96' title='bbox 650 2093 898 2180; x_wconf 81' lang='lat' dir='ltr'><strong>persequetur:</strong></span> <span class='ocrx_word' id='word_1_97' title='bbox 1027 2119 1041 2146; x_wconf 94' lang='lat'><strong>.·</strong></span> 
     </span>
    </p>
   </div>
   <div class='ocr_carea' id='block_1_4' title="bbox 370 2638 664 2708">
    <p class='ocr_par' dir='ltr' id='par_1_4' title="bbox 370 2636 780 2720">
     <span class='ocr_line' id='line_1_17' title="bbox 370 2638 664 2708; baseline 0.012 0"><span class='ocrx_word' id='word_1_98' title='bbox 370 2639 564 2708; x_wconf 82' lang='lat' dir='ltr'>CAPUT</span> <span class='ocrx_word' id='word_1_99' title='bbox 596 2638 664 2708; x_wconf 85' lang='lat' dir='ltr'><strong>vl.</strong></span> 
     </span>
    </p>
   </div>
   <div class='ocr_carea' id='block_1_5' title="bbox 13 2788 1022 3366">
    <p class='ocr_par' dir='ltr' id='par_1_5' title="bbox 13 2788 1022 3366">
     <span class='ocr_line' id='line_1_18' title="bbox 162 2788 1022 2894; baseline 0.002 -25"><span class='ocrx_word' id='word_1_100' title='bbox 162 2794 377 2869; x_wconf 76' lang='lat' dir='ltr'><strong>Courmuo</strong></span> <span class='ocrx_word' id='word_1_101' title='bbox 392 2791 555 2865; x_wconf 87' lang='lat' dir='ltr'><strong>Priamus</strong></span> <span class='ocrx_word' id='word_1_102' title='bbox 568 2788 660 2865; x_wconf 86' lang='lat' dir='ltr'><strong>filios</strong></span> <span class='ocrx_word' id='word_1_103' title='bbox 672 2791 790 2866; x_wconf 77' lang='lat' dir='ltr'><strong>vocari</strong></span> <span class='ocrx_word' id='word_1_104' title='bbox 801 2791 924 2894; x_wconf 85' lang='lat' dir='ltr'><strong>jubet,</strong></span> <span class='ocrx_word' id='word_1_105' title='bbox 1015 2810 1022 2826; x_wconf 90' lang='lat'><strong><em>‘</em></strong></span> 
     </span>
     <span class='ocr_line' id='line_1_19' title="bbox 13 2908 926 3005; baseline 0 -19"><span class='ocrx_word' id='word_1_106' title='bbox 13 2930 15 2985; x_wconf 40' lang='grc' dir='ltr'>ὲ</span> <span class='ocrx_word' id='word_1_107' title='bbox 114 2928 150 2995; x_wconf 84' lang='lat' dir='ltr'><strong>et</strong></span> <span class='ocrx_word' id='word_1_108' title='bbox 169 2936 295 2986; x_wconf 89' lang='lat' dir='ltr'><strong>omnes</strong></span> <span class='ocrx_word' id='word_1_109' title='bbox 308 2908 443 2984; x_wconf 85' lang='lat' dir='ltr'><strong>amicos</strong></span> <span class='ocrx_word' id='word_1_110' title='bbox 460 2934 562 3003; x_wconf 90' lang='lat' dir='ltr'><strong>suos,</strong></span> <span class='ocrx_word' id='word_1_111' title='bbox 579 2910 826 3005; x_wconf 86' lang='lat' dir='ltr'><strong>Antenorem,</strong></span> <span class='ocrx_word' id='word_1_112' title='bbox 843 2914 926 2985; x_wconf 84' lang='lat' dir='ltr'><strong>An-</strong></span> 
     </span>
     <span class='ocr_line' id='line_1_20' title="bbox 14 3025 923 3130; baseline -0.004 -24"><span class='ocrx_word' id='word_1_113' title='bbox 14 3044 17 3124; x_wconf 49' lang='lat'><em>}</em></span> <span class='ocrx_word' id='word_1_114' title='bbox 114 3029 254 3120; x_wconf 85' lang='lat' dir='ltr'><strong>chisen,</strong></span> <span class='ocrx_word' id='word_1_115' title='bbox 273 3025 735 3130; x_wconf 81' lang='lat' dir='ltr'><strong>AEnea11‚Ucelegontem‚</strong></span> <span class='ocrx_word' id='word_1_116' title='bbox 753 3026 923 3103; x_wconf 84' lang='lat' dir='ltr'><strong>Bucolio-</strong></span> 
     </span>
     <span class='ocr_line' id='line_1_21' title="bbox 113 3146 922 3244; baseline 0 -25"><span class='ocrx_word' id='word_1_117' title='bbox 113 3174 217 3240; x_wconf 86' lang='lat' dir='ltr'><strong>nom,</strong></span> <span class='ocrx_word' id='word_1_118' title='bbox 238 3146 442 3240; x_wconf 83' lang='lat' dir='ltr'><strong>Panthum,</strong></span> <span class='ocrx_word' id='word_1_119' title='bbox 462 3149 689 3244; x_wconf 88' lang='lat' dir='ltr'><strong>Lamponem</strong></span> <span class='ocrx_word' id='word_1_120' title='bbox 700 3201 713 3239; x_wconf 87' lang='lat'><em>‚</em></span> <span class='ocrx_word' id='word_1_121' title='bbox 738 3160 775 3219; x_wconf 92' lang='lat' dir='ltr'><strong>et</strong></span> <span class='ocrx_word' id='word_1_122' title='bbox 795 3171 922 3219; x_wconf 87' lang='lat' dir='ltr'><strong>omnes</strong></span> 
     </span>
     <span class='ocr_line' id='line_1_22' title="bbox 114 3262 922 3366; baseline 0 -27"><span class='ocrx_word' id='word_1_123' title='bbox 114 3264 202 3339; x_wconf 85' lang='lat' dir='ltr'><strong>filios</strong></span> <span class='ocrx_word' id='word_1_124' title='bbox 219 3265 338 3366; x_wconf 84' lang='lat' dir='ltr'><strong>quiex</strong></span> <span class='ocrx_word' id='word_1_125' title='bbox 355 3264 563 3340; x_wconf 90' lang='lat' dir='ltr'><strong>concubinis</strong></span> <span class='ocrx_word' id='word_1_126' title='bbox 580 3264 654 3338; x_wconf 82' lang='lat' dir='ltr'><strong>nati</strong></span> <span class='ocrx_word' id='word_1_127' title='bbox 670 3278 782 3337; x_wconf 82' lang='lat' dir='ltr'><strong>erant.</strong></span> <span class='ocrx_word' id='word_1_128' title='bbox 795 3262 922 3363; x_wconf 85' lang='lat' dir='ltr'><strong>Quint</strong></span> 
     </span>
    </p>
   </div>
   <div class='ocr_carea' id='block_1_6' title="bbox 111 3380 923 3577">
    <p class='ocr_par' dir='ltr' id='par_1_6' title="bbox 111 3380 923 3577">
     <span class='ocr_line' id='line_1_23' title="bbox 111 3380 923 3489; baseline 0 -30"><span class='ocrx_word' id='word_1_129' title='bbox 111 3382 373 3489; x_wconf 66' lang='lat' dir='ltr'><strong>conuenerunt,</strong></span> <span class='ocrx_word' id='word_1_130' title='bbox 383 3382 472 3460; x_wconf 82' lang='lat' dir='ltr'><strong>dixit</strong></span> <span class='ocrx_word' id='word_1_131' title='bbox 482 3382 531 3461; x_wconf 87' lang='lat' dir='ltr'><strong>eis</strong></span> <span class='ocrx_word' id='word_1_132' title='bbox 543 3410 581 3459; x_wconf 86' lang='lat' dir='ltr'><strong>se</strong></span> <span class='ocrx_word' id='word_1_133' title='bbox 594 3385 821 3459; x_wconf 86' lang='lat' dir='ltr'><strong>Antenorem</strong></span> <span class='ocrx_word' id='word_1_134' title='bbox 828 3380 923 3486; x_wconf 80' lang='lat' dir='ltr'><strong>lega·</strong></span> 
     </span>
     <span class='ocr_line' id='line_1_24' title="bbox 211 3499 777 3577; baseline -0.005 0"><span class='ocrx_word' id='word_1_135' title='bbox 211 3533 256 3577; x_wconf 85' lang='lat' dir='ltr'><strong>u.</strong></span> <span class='ocrx_word' id='word_1_136' title='bbox 752 3499 777 3574; x_wconf 88' lang='grc'><strong>8</strong></span> 
     </span>
    </p>
   </div>
   <div class='ocr_carea' id='block_1_7' title="bbox 0 0 1148 4000">
    <p class='ocr_par' dir='ltr' id='par_1_7' title="bbox 0 0 1148 4000">
     <span class='ocr_line' id='line_1_25' title="bbox 0 0 1148 4000; baseline 0 0"><span class='ocrx_word' id='word_1_137' title='bbox 0 0 1148 4000; x_wconf 95' lang='lat' dir='ltr'><strong> </strong></span> 
     </span>
    </p>
   </div>
  </div>
 </body>
</html>
