2284 4000
186 322 268 399 ³252
378 346 831 405 curentur-rom

192 478 230 537 ta
248 460 379 537 deinde
400 462 489 565 tigni
508 466 614 565 copia
625 466 775 542 bustum
792 467 989 543 exstruitur
993 464 1018 564 ξ

75 671 77 675 .
190 578 474 683 impositumque
490 584 645 683 desuper
655 585 807 665 cadaver
822 585 899 689 igni
917 612 1017 685 supa

123 753 128 762 ,
192 697 312 797 posito
329 716 515 795 cremant,
532 719 746 778 exornatum
775 704 851 805 jam
876 704 1012 783 decore

166 798 294 892 'omni
305 818 468 919 pretiosae
479 819 587 897 vestis
605 852 614 892 ε
633 820 672 895 id
683 848 841 923 namque
857 822 1020 920 Hippo<

191 929 311 1011 damia
332 952 368 1012 et
387 938 585 1014 Diomedea
603 954 833 1033 curaverant,
850 966 1008 1041 quarum

189 1052 388 1131 Diomedea
404 1056 559 1133 nimium
569 1058 693 1159 juveni
707 1074 745 1135 et
757 1057 858 1135 omni
877 1059 1007 1135 affectu

190 1170 316 1253 dilecta
326 1174 456 1253 fuerat.

417 1464 610 1536 CAPUT
641 1466 772 1542 XIII.

234 1632 432 1709 Ceruium
452 1632 573 1733 paucis
592 1618 675 1732 pest
692 1632 835 1727 diebus,
854 1630 1001 1710 refectis

185 1774 231 1827 ex
254 1750 376 1827 labore
392 1751 595 1853 vigiliarum
616 1751 787 1845 ducibus,
811 1778 896 1827 cum
916 1749 999 1825 luce

185 1867 294 1942 simul
304 1868 480 1945 exercitus
491 1869 528 1943 in
541 1896 713 1967 campum
722 1866 921 1966 productus
932 1892 1018 1966 per¹

185 1996 305 2058 totum
314 1982 411 2058 diem
427 1982 465 2058 in
477 1983 587 2058 armis
595 1985 694 2086 agit,
705 1984 898 2084 opperiens
908 1988 1017 2072 Bw

184 2087 357 2176 berorum
381 2127 583 2178 occursum.
611 2102 684 2202 Qui
711 2103 824 2176 muris
849 2104 999 2201 despec-

182 2233 317 2314 tantes,
339 2237 532 2322 postquam
551 2235 694 2294 nostros
709 2237 851 2319 paratos
867 2219 997 2321 proelio

182 2334 323 2433 videns,
337 2364 381 2412 eo
394 2337 452 2412 die
465 2354 648 2414 certamen
667 2337 848 2412 distulere.
863 2343 917 2412 Itu
929 2363 997 2414 oe-

47 2529 48 2532 ,
180 2479 266 2528 casu
278 2453 360 2528 solis
370 2455 485 2532 Graeci
504 2456 551 2528 ad
566 2481 674 2529 naves
686 2454 850 2558 regressi.
868 2458 920 2530 At
936 2455 997 2532 vix

114 2578 119 2583 ’
181 2571 362 2670 principio
377 2572 447 2647 diei
456 2574 608 2674 Trojani
622 2574 691 2646 rati
707 2574 921 2648 etiamnunc
936 2573 996 2646 in-

179 2689 400 2788 compositos
418 2692 561 2766 Graecos
577 2691 707 2767 armati
723 2691 836 2790 portis
852 2690 994 2792 evolant

178 2819 317 2881 temere
339 2823 375 2882 et
394 2835 478 2884 cum
491 2810 660 2903 audacia,
681 2808 733 2884 uti
752 2825 856 2884 antea
869 2807 1009 2908 solitiz'
1032 2842 1035 2846 ⁴

76 2995 78 3000 ,
175 2921 416 3028 instantesque
441 2927 533 3002 circa
559 2927 712 3022 vallum,
731 2926 897 3018 certatim
920 2927 993 3018 tele

174 3040 312 3143 jaciunt
324 3043 447 3120 crebra
469 3044 604 3146 magis,
619 3031 730 3147 qua'm
743 3073 828 3122 cum
840 3046 994 3143 effectu,

176 3159 308 3253 nostru
320 3161 367 3235 ad
382 3161 566 3238 evitandos
577 3176 720 3236 tantum
731 3161 822 3238 ictus
839 3188 993 3260 compo·

172 3273 265 3392 sitis
269 3283 270 3286 ’
285 3277 399 3378 Igitur
413 3276 476 3350 ubi
497 3279 544 3352 ad
560 3277 715 3352 multum
731 3279 829 3354 diem
844 3279 995 3388 Barbari

174 3391 304 3470 intenti
315 3391 437 3492 jaculis
459 3393 543 3470 fessi
557 3395 657 3495 jam',
674 3423 793 3498 neque
813 3397 864 3472 ita
876 3397 990 3507 rehe-
