2284 4000
169 306 269 385 280
385 320 563 383 ouraur
592 297 645 383 riu
661 288 825 385 raoni.

194 418 390 547 prehensos
402 418 568 525 obtereie
582 448 693 523 armis
702 503 714 542 ,
726 470 875 549 prorsus
878 430 1025 543 nullo}
1051 493 1055 499 -

194 563 308 667 quiin
322 592 363 639 ea
379 572 481 664 parte
492 568 634 661 fuerat,
650 567 795 643 intacto.
814 570 922 642 Inter
929 593 1015 669 quae

193 696 270 757 tam
288 684 428 785 trepida
447 684 603 761 Glaucus
615 684 859 787 Hippolochi,
879 689 1010 783 sarpe-

185 800 268 873 don
297 820 403 905 atque
435 806 756 905 Asteropaeus,·ad
787 804 1006 908 morandum

193 917 334 995 hostem
352 922 530 1022 paulisper
551 924 625 997 ausi
638 920 1009 1017 resistere‚moxvul·

193 1038 338 1113 neribus
363 1041 499 1143 gravati
528 1041 649 1116 locum
686 1042 872 1116 amisere:
904 1039 1009 1141 queis

192 1156 301 1233 versis
313 1214 326 1252 ,
355 1158 490 1235 nullam
517 1158 665 1256 Barbari
693 1186 798 1259 spem
828 1156 1004 1257 reliquam

96 1304 99 1310 ’
192 1275 313 1382 salutis
326 1276 393 1383 rati
402 1276 476 1359 sine
486 1277 703 1371 rectoribus,
719 1304 838 1379 neque
850 1303 1005 1376 usquam

77 1406 83 1411 '
192 1410 291 1471 certo
304 1393 432 1469 ordine
449 1394 628 1493 palantes,
642 1394 826 1495 effusique
835 1376 1005 1483 rueread

189 1526 312 1612 portas
319 1543 331 1603 ;
346 1540 461 1615 eoque
472 1530 570 1591 arcto
582 1529 619 1589 et
626 1512 900 1615 properantium
908 1512 1005 1618 niul*-

189 1618 342 1707 titudine
366 1629 542 1731 impedito
563 1632 747 1735 ingressu,
762 1661 877 1735 quum
895 1657 1007 1729 super

188 1749 298 1827 atium
312 1736 400 1825 alius
411 1751 522 1826 ruinae
539 1746 653 1825 ruodo
662 1749 1003 1849 3praecipitarentur3

186 1871 391 1969 supervenit
405 1898 489 1945 cum
507 1870 717 1968 supradictis
732 1870 882 1945 ducibus
894 1870 1003 1967 Ajax'.

185 1992 286 2066 Tum
300 2015 432 2090 magua
445 1986 752 2063 vis-Barbarorum
775 1986 914 2086 trepida
929 1981 1004 2061 ian-'-

184 2105 378 2206 peditaque
402 2103 496 2181 inter
520 2133 580 2200 se,
598 2107 921 2212 caesaertinctaque
941 2101 1004 2183 :iit

183 2223 286 2325 queis
295 2223 428 2296 Pn'ami
442 2224 599 2297 filiorum
610 2223 792 2324 Antiphus
804 2240 839 2298 et
847 2219 978 2296 Polites
987 2239 1016 2316 ,'

184 2345 383 2436 Pammon,
397 2345 553 2446 Mirator,
563 2343 888 2442 atqueEuphemus
900 2344 1007 2417 Troo·

117 2480 120 2486 '
182 2459 303 2535 zenius
317 2455 389 2534 duri
402 2461 566 2563 egregius
579 2461 771 2536 Ciconum.

337 2661 593 2734 CAPUT
628 2661 791 2736 XLIV.

228 2815 297 2888 Ira
309 2815 399 2917 Troj
399 2843 458 2888 ani
448 2815 578 2920 paulo
590 2814 920 2929 autetictoroS,ubi
930 2815 999 2888 ad

169 2949 288 3010 uentu
299 2845 419 3036 Ajacis
431 2936 576 3042 fortuna
585 2934 669 3011 belli
678 2920 816 3011 mutata
829 2951 904 3031 est,
917 2961 999 3011 ver-

175 3053 222 3128 sis
236 3052 387 3130 ducibus
399 3083 521 3156 poenas
539 3055 638 3130 luere
659 3055 795 3130 militiae
815 3036 997 3131 inconsul'-

81 3165 83 3170 ¹
172 3186 232 3246 tae:
251 3201 292 3251 ac
309 3191 503 3276 postquam
516 3175 728 3252 aduentante
739 3201 911 3274 vespera
923 3172 997 3275 sig

173 3317 264 3365 uum
289 3294 419 3367 nostris
443 3293 603 3392 receptui
616 3294 740 3368 datum
752 3308 825 3386 est,
842 3291 999 3368 victores

174 3406 313 3510 laetique
337 3411 512 3503 aii-naves
532 3411 703 3513 regressi,
726 3436 815 3492 mox
836 3400 882 3485 ab
900 3411 1001 3511 Aga?
