2284 4000
321 331 718 412 n1vnesrcoum
860 340 925 438 147
967 347 970 352 '

119 467 176 550 'elci
202 474 342 570 vtdtus,
364 456 602 576 aequatam
629 474 928 548 ornamentorum

119 593 431 695 templi·ejus,‘quo
441 590 577 666 facilius
586 586 931 690 recordationeprae'·

116 713 227 789 'sentis
252 713 411 788 numinis
432 711 615 789 veneratio
637 711 691 786 sui
711 711 853 815 regibus
877 711 934 812 in}
1047 725 1052 734 “

116 845 311 906 'cuteremn
326 826 420 904 Dein
438 827 565 904 oblatis
579 828 656 902 auri
669 842 777 930 atque
791 827 933 930 argenti

122 946 225 1022 'donis
250 945 435 1046 plurimis,
450 946 740 1046 redemptionem
762 945 845 1021 filiae
869 947 934 1020 de·
970 949 972 956 ’

95 1081 317 1166 ⁸precatum
350 1065 547 1176 obsecrans
569 1064 624 1140 uti
656 1064 934 1169 magnificarent

122 1183 349 1286 praesentiam
373 1183 462 1278 oei,
477 1182 540 1284 qui
558 1206 681 1259 secum
694 1183 848 1258 ¹oratum
873 1189 935 1257 eo's

122 1302 169 1376 ob
182 1302 402 1377 sacerdotem
416 1301 606 1402 proprium
620 1296 783 1378 venisset.
799 1304 935 1376 Praete-

122 1445 182 1494 rea
199 1434 483 1514 commemorat,
496 1445 578 1522 quae
591 1419 630 1492 in
650 1417 725 1501 dies
740 1419 934 1498 adversum

124 1561 161 1611 se
179 1536 226 1609 ab
239 1534 446 1613 Alexandro
463 1536 612 1638 ejusque
634 1537 935 1640 consanguineis,

110 1654 175 1730 ‘ob
188 1651 383 1727 exhibitam
395 1678 463 1752 per
481 1678 518 1726 se
539 1650 659 1751 paullo
672 1667 755 1727 ante
769 1654 939 1729 immola-

126 1769 287 1862 tionem,
303 1769 449 1846 inimica
474 1754 684 1872 hostiliaque
712 1787 934 1870 pararentur.

33 1944 36 1950 ,
124 1891 221 1992 Quae
237 1887 300 1961 ubi
312 1912 504 1988 accepere3
518 1889 739 1966 reddendam
761 1889 871 1964 filiam
883 1880 939 1964 sa-

123 2008 285 2103 cerdoti,
306 2034 426 2109 neque
449 2010 498 2083 ob
513 2008 557 2083 id
569 2009 818 2108 accipiendum
842 2018 937 2109 praess

93 2144 96 2149 “
125 2125 244 2201 mium
253 2181 267 2219 ‚
280 2114 453 2200 universis
466 2126 582 2224 placet
597 2156 605 2197 :
621 2128 755 2231 quippe
773 2126 936 2227 quicum
982 2220 983 2225 Ἰ

124 2249 243 2342 perse
261 2242 397 2317 amicus
413 2242 598 2345 fidelisque
611 2241 715 2317 nobis
724 2298 737 2335 ,
752 2258 830 2315 tum
846 2270 936 2342 prae-

104 2359 232 2460 cipue
253 2360 302 2435 ob
326 2360 537 2463 religionem
561 2360 738 2461 Apollinis
757 2359 844 2433 nihil
863 2388 937 2436 non
991 2432 997 2463 ,

126 2476 261 2552 mereri
283 2478 499 2551 crederetur.
520 2480 691 2579 Namque
712 2476 833 2553 multis
860 2480 937 2580 jam

79 2601 81 2606 ’
124 2593 354 2672 documentis
369 2621 411 2671 ac
431 2597 528 2670 fama
544 2596 768 2690 incolarum,
787 2597 938 2702 obsequi
997 2647 1001 2659 ι

124 2714 270 2790 numini
283 2713 580 2818 ejuspe'r'omnia‘
591 2714 861 2793 destinaverant.

321 2914 529 2990 eaeor
564 2916 757 3021 unam

21 3162 26 3166 .
128 3087 134 3095 ’
174 3064 274 3169 Qun
291 3083 485 3169 postquam
504 3067 762 3171 Agamemnon
778 3068 939 3170 accepit,
1005 3130 1038 3151 „

125 3182 276 3262 obviam
299 3202 512 3266 cunctorum
538 3184 720 3262 sententiis
739 3180 939 3287 ire'pergit.⁴

36 3340 44 3348 ,
126 3302 256 3403 Itaque
267 3302 380 3381 atroci
388 3304 489 3382 vultu
501 3304 650 3382 exitium
658 3304 836 3383 sacerdoti
844 3326 943 3379 com·

123 3418 300 3516 minatus,
307 3424 543 3515 nireceder'ct,
556 3424 787 3523 perterritum
799 3426 942 3521 senem,
