2284 4000
333 328 476 379 urvnr
517 300 800 390 Qunrnrirtttt.
900 309 977 402 345*

159 437 366 538 optabilem.
380 441 565 514 Caeterum
577 438 649 512 'sibi
661 463 704 514 eo
716 435 890 516 leviorem
901 441 972 518 do-

158 555 274 630 lorem
290 580 385 648 esse,
407 553 507 655 qnod
524 579 599 627 non
617 553 655 627 in
671 545 892 652 ¹[certamine‚
904 583 973 633 ne-

160 672 277 774 quein
289 672 367 746 hree
379 671 464 744 belli
478 670 853 748 Achilles'interfectus
866 671 971 771 esset,
992 664 995 671 .

160 815 234 892 quo
257 789 445 888 fortiorem
462 785 512 863 ‘ne
526 803 666 887 optasse
681 789 830 890 q'uidem
843 816 973 892 quem·
1039 801 1042 806 ’

159 933 270 1009 quam
293 906 460 980 exsistere
475 934 571 980 nune
579 963 591 998 ‚
606 906 662 980 vel
677 905 713 978 in
725 906 945 1004 praeteritum
958 963 972 1006 ,

31 1066 34 1068 v
159 1039 308 1123 excepto
326 1050 400 1098 uno
416 1023 477 1098 illo
491 1022 662 1098 Hercule.
678 1023 790 1098 Addit
803 1041 974 1123 praeterea

157 1145 277 1220 solum
291 1143 412 1220 virum
425 1141 577 1245 dignum
590 1169 632 1215 ea
648 1156 883 1244 tempestate,
905 1145 972 1218 sub

158 1264 260 1364 cujus
273 1257 615 1359 manibusexseindi
628 1258 780 1360 Trojem
801 1261 969 1338 deceret:

157 1407 276 1483 neque
287 1379 576 1477 temereternere
585 1377 972 1480 ,qnbdimp'erfectum

149 1515 182 1573 ‘a
205 1514 307 1598 patre
322 1484 488 1576 relietum
503 1499 617 1591 esset',
637 1497 659 1570 n
682 1521 720 1574 se
728 1502 840 1600 etque
860 1497 972 1576 aeir-

160 1615 420 1691 cumenntibus
438 1611 575 1712 perfici.
684 1639 689 1653 ·

271 1806 286 1814 ''
392 1793 587 1880 CAPUT
621 1805 735 1877 XVI.

145 1980 149 1988 ·
188 1938 426 2051 ⁸Posrounu
461 1953 573 2036 finem
591 1955 771 2060 -loquendi
796 1954 902 2054 fecit,
931 1957 972 2036 in
1081 1963 1087 1972 '

146 2081 370 2181 uminum
409 2078 509 2153 diem
538 2090 722 2181 certamen
753 2076 972 2173 pronuncia-

158 2209 239 2276 tum
263 2232 272 2274 :
294 2198 403 2275 duces
424 2202 578 2293 omnes‚'
599 2194 663 2271 ubi
682 2210 826 2294 tempus
853 2193 971 2271 ristun

157 2330 241 2412 est,
268 2311 374 2391 'solito
392 2314 439 2391 e‘d
453 2318 771 2419 Agamemnonem
792 2328 973 2392 coenatum

158 2435 306 2519 veniunt
328 2466 337 2508 ι
361 2433 398 2507 in
423 2432 552 2535 quibus
573 2431 667 2537 Ajax
691 2460 776 2511 cum
804 2435 972 2537 Neopto·
1049 2424 1055 2441 ’

157 2554 276 2650 lemo,
288 2553 504 2648 Diomedes,
525 2552 698 2659 Ulysses,
712 2561 748 2629 et
759 2554 970 2633 Menelaus:

162 2673 273 2774 hique
294 2671 391 2747 int'er
410 2670 460 2769 ses
472 2664 643 2777 eumdem
661 2670 784 2746 lorum
808 2673 971 2750 coenan'di

143 2788 318 2891 'capiunt
337 2786 487 2889 Interim
505 2787 601 2864 inter
618 2785 739 2889 epulas
763 2788 896 2890 primns
909 2792 972 2895 ju.

157 2908 240 2987 veni
269 2907 389 3007 petris
406 2906 514 3007 fortia
546 2906 706 2984 facinora
731 2928 972 3008 enumerare,

160 3026 404 3128 virtutemque
443 3027 521 3130 ejus
557 3012 881 3133 commemorando
918 3028 972 3105 ef-

95 3180 100 3189 ·
157 3144 254 3221 ferre
278 3145 442 3221 leudibus
456 3178 466 3219 z
481 3145 612 3249 quibus
629 3148 787 3251 Pyrrhus
798 3174 873 3224 non
890 3168 972 3225 me·

158 3262 330 3339 diocriter
362 3253 484 3361 laetus,
511 3273 772 3371 accensusque,
806 3265 970 3343 nisurum

156 3406 195 3456 se
216 3383 318 3456 omni
341 3410 411 3482 ope
436 3384 646 3487 respondit,
671 3408 745 3483 quo
772 3408 819 3461 ne
849 3382 971 3490 indig-
