<?xml version="1.0" encoding="UTF-8"?>
<!DOCTYPE html PUBLIC "-//W3C//DTD XHTML 1.0 Transitional//EN"
    "http://www.w3.org/TR/xhtml1/DTD/xhtml1-transitional.dtd">
<html xmlns="http://www.w3.org/1999/xhtml" xml:lang="en" lang="en">
 <head>
  <title>
</title>
<meta http-equiv="Content-Type" content="text/html;charset=utf-8" />
  <meta name='ocr-system' content='tesseract 3.04.00' />
  <meta name='ocr-capabilities' content='ocr_page ocr_carea ocr_par ocr_line ocrx_word'/>
</head>
<body>
  <div class='ocr_page' id='page_1' title='image "./histoiredelague00cailgoog_0087.png"; bbox 0 0 2284 4000; ppageno 0'>
   <div class='ocr_carea' id='block_1_1' title="bbox 194 269 819 357">
    <p class='ocr_par' dir='ltr' id='par_1_1' title="bbox 194 269 819 357">
     <span class='ocr_line' id='line_1_1' title="bbox 194 269 819 357; baseline 0.002 -13"><span class='ocrx_word' id='word_1_1' title='bbox 194 269 244 344; x_wconf 85' lang='lat'><strong>56</strong></span> <span class='ocrx_word' id='word_1_2' title='bbox 379 295 555 352; x_wconf 77' lang='lat' dir='ltr'><strong>cornua</strong></span> <span class='ocrx_word' id='word_1_3' title='bbox 580 295 635 345; x_wconf 80' lang='lat' dir='ltr'><strong>nn</strong></span> <span class='ocrx_word' id='word_1_4' title='bbox 661 280 819 357; x_wconf 65' lang='lat' dir='ltr'><strong>ruore?</strong></span> 
     </span>
    </p>
   </div>
   <div class='ocr_carea' id='block_1_2' title="bbox 150 391 1124 2725">
    <p class='ocr_par' dir='ltr' id='par_1_2' title="bbox 150 391 1124 2725">
     <span class='ocr_line' id='line_1_2' title="bbox 196 391 1016 511; baseline 0.006 -27"><span class='ocrx_word' id='word_1_5' title='bbox 196 435 298 501; x_wconf 82' lang='lat' dir='ltr'><strong>rum,</strong></span> <span class='ocrx_word' id='word_1_6' title='bbox 314 391 423 510; x_wconf 80' lang='lat' dir='ltr'><strong>quain</strong></span> <span class='ocrx_word' id='word_1_7' title='bbox 437 409 605 509; x_wconf 85' lang='lat' dir='ltr'>promissi</span> <span class='ocrx_word' id='word_1_8' title='bbox 617 409 706 484; x_wconf 85' lang='lat' dir='ltr'><strong>fides</strong></span> <span class='ocrx_word' id='word_1_9' title='bbox 719 411 931 511; x_wconf 88' lang='lat' dir='ltr'><strong>impleretur</strong></span> <span class='ocrx_word' id='word_1_10' title='bbox 938 437 950 504; x_wconf 89' lang='lat'>;</span> <span class='ocrx_word' id='word_1_11' title='bbox 964 411 1016 489; x_wconf 61' lang='grc' dir='ltr'><strong>οὔ</strong></span> 
     </span>
     <span class='ocr_line' id='line_1_3' title="bbox 197 526 1021 630; baseline 0.006 -30"><span class='ocrx_word' id='word_1_12' title='bbox 197 553 277 628; x_wconf 87' lang='lat' dir='ltr'><strong>quae</strong></span> <span class='ocrx_word' id='word_1_13' title='bbox 297 526 506 622; x_wconf 82' lang='lat' dir='ltr'><strong>festinaret,</strong></span> <span class='ocrx_word' id='word_1_14' title='bbox 538 555 691 629; x_wconf 85' lang='lat' dir='ltr'><strong>eamque</strong></span> <span class='ocrx_word' id='word_1_15' title='bbox 717 546 754 602; x_wconf 88' lang='lat' dir='ltr'><strong>et</strong></span> <span class='ocrx_word' id='word_1_16' title='bbox 779 558 859 630; x_wconf 88' lang='lat' dir='ltr'><strong>quae</strong></span> <span class='ocrx_word' id='word_1_17' title='bbox 879 529 1021 628; x_wconf 70' lang='lat' dir='ltr'><strong>nuptiis,</strong></span> 
     </span>
     <span class='ocr_line' id='line_1_4' title="bbox 185 642 1017 721; baseline 0.004 -5"><span class='ocrx_word' id='word_1_18' title='bbox 185 685 186 688; x_wconf 34' lang='lat'>¹</span> <span class='ocrx_word' id='word_1_19' title='bbox 197 644 277 716; x_wconf 92' lang='lat' dir='ltr'><strong>usui</strong></span> <span class='ocrx_word' id='word_1_20' title='bbox 286 661 401 718; x_wconf 90' lang='lat' dir='ltr'><strong>essent</strong></span> <span class='ocrx_word' id='word_1_21' title='bbox 408 661 548 718; x_wconf 89' lang='lat' dir='ltr'><strong>mature</strong></span> <span class='ocrx_word' id='word_1_22' title='bbox 555 645 727 720; x_wconf 87' lang='lat' dir='ltr'><strong>mitteret.</strong></span> <span class='ocrx_word' id='word_1_23' title='bbox 740 649 913 721; x_wconf 83' lang='lat' dir='ltr'><strong>Praeterea</strong></span> <span class='ocrx_word' id='word_1_24' title='bbox 920 642 1017 719; x_wconf 83' lang='lat' dir='ltr'><strong>mul·</strong></span> 
     </span>
     <span class='ocr_line' id='line_1_5' title="bbox 197 761 1015 868; baseline 0 -32"><span class='ocrx_word' id='word_1_25' title='bbox 197 777 234 836; x_wconf 86' lang='lat' dir='ltr'><strong>ta</strong></span> <span class='ocrx_word' id='word_1_26' title='bbox 256 788 324 866; x_wconf 88' lang='lat' dir='ltr'><strong>pro</strong></span> <span class='ocrx_word' id='word_1_27' title='bbox 347 761 494 868; x_wconf 85' lang='lat' dir='ltr'><strong>negotio</strong></span> <span class='ocrx_word' id='word_1_28' title='bbox 519 761 686 857; x_wconf 86' lang='lat' dir='ltr'><strong>locutus,</strong></span> <span class='ocrx_word' id='word_1_29' title='bbox 712 764 885 838; x_wconf 84' lang='lat' dir='ltr'><strong>ementito</strong></span> <span class='ocrx_word' id='word_1_30' title='bbox 902 791 1015 867; x_wconf 81' lang='lat' dir='ltr'><strong>argu-</strong></span> 
     </span>
     <span class='ocr_line' id='line_1_6' title="bbox 198 878 1015 982; baseline 0.006 -30"><span class='ocrx_word' id='word_1_31' title='bbox 198 894 323 952; x_wconf 88' lang='lat' dir='ltr'><strong>mento</strong></span> <span class='ocrx_word' id='word_1_32' title='bbox 350 878 461 952; x_wconf 88' lang='lat' dir='ltr'><strong>fidem</strong></span> <span class='ocrx_word' id='word_1_33' title='bbox 488 881 632 955; x_wconf 81' lang='lat' dir='ltr'><strong>fecerat.</strong></span> <span class='ocrx_word' id='word_1_34' title='bbox 671 883 762 982; x_wconf 83' lang='lat' dir='ltr'><strong>Quae</strong></span> <span class='ocrx_word' id='word_1_35' title='bbox 790 879 853 956; x_wconf 89' lang='lat' dir='ltr'><strong>ubi</strong></span> <span class='ocrx_word' id='word_1_36' title='bbox 878 882 1015 981; x_wconf 80' lang='lat' dir='ltr'><strong>accepit</strong></span> 
     </span>
     <span class='ocr_line' id='line_1_7' title="bbox 198 993 1014 1100; baseline 0.001 -28"><span class='ocrx_word' id='word_1_37' title='bbox 198 996 463 1098; x_wconf 81' lang='lat' dir='ltr'><strong>Clytemnestra</strong></span> <span class='ocrx_word' id='word_1_38' title='bbox 477 1053 489 1089; x_wconf 92' lang='lat'><strong><em>,</em></strong></span> <span class='ocrx_word' id='word_1_39' title='bbox 508 1023 592 1070; x_wconf 86' lang='lat' dir='ltr'><strong>cum</strong></span> <span class='ocrx_word' id='word_1_40' title='bbox 605 1013 757 1096; x_wconf 87' lang='lat' dir='ltr'><strong>propter</strong></span> <span class='ocrx_word' id='word_1_41' title='bbox 769 998 922 1100; x_wconf 84' lang='lat' dir='ltr'><strong>gratiam</strong></span> <span class='ocrx_word' id='word_1_42' title='bbox 933 993 1014 1073; x_wconf 84' lang='lat' dir='ltr'><strong>Hc·</strong></span> 
     </span>
     <span class='ocr_line' id='line_1_8' title="bbox 199 1111 1015 1214; baseline 0.002 -27"><span class='ocrx_word' id='word_1_43' title='bbox 199 1111 305 1207; x_wconf 85' lang='lat' dir='ltr'><strong>lenae,</strong></span> <span class='ocrx_word' id='word_1_44' title='bbox 320 1129 399 1187; x_wconf 90' lang='lat' dir='ltr'><strong>tum</strong></span> <span class='ocrx_word' id='word_1_45' title='bbox 412 1113 570 1189; x_wconf 85' lang='lat' dir='ltr'><strong>maxime</strong></span> <span class='ocrx_word' id='word_1_46' title='bbox 586 1115 685 1214; x_wconf 84' lang='lat' dir='ltr'><strong>quod</strong></span> <span class='ocrx_word' id='word_1_47' title='bbox 698 1129 774 1188; x_wconf 84' lang='lat' dir='ltr'><strong>tam</strong></span> <span class='ocrx_word' id='word_1_48' title='bbox 790 1115 1015 1191; x_wconf 86' lang='lat' dir='ltr'><strong>celeberrimi</strong></span> 
     </span>
     <span class='ocr_line' id='line_1_9' title="bbox 150 1230 1015 1331; baseline 0 -25"><span class='ocrx_word' id='word_1_49' title='bbox 150 1287 154 1293; x_wconf 86' lang='lat'><em>-</em></span> <span class='ocrx_word' id='word_1_50' title='bbox 199 1231 357 1306; x_wconf 88' lang='lat' dir='ltr'><strong>nominis</strong></span> <span class='ocrx_word' id='word_1_51' title='bbox 381 1230 459 1305; x_wconf 88' lang='lat' dir='ltr'><strong>viro</strong></span> <span class='ocrx_word' id='word_1_52' title='bbox 483 1231 555 1303; x_wconf 85' lang='lat' dir='ltr'><strong>filia</strong></span> <span class='ocrx_word' id='word_1_53' title='bbox 576 1233 799 1327; x_wconf 79' lang='lat' dir='ltr'><strong>traderetur,</strong></span> <span class='ocrx_word' id='word_1_54' title='bbox 818 1232 897 1306; x_wconf 80' lang='lat' dir='ltr'><strong>laeta</strong></span> <span class='ocrx_word' id='word_1_55' title='bbox 913 1232 1015 1331; x_wconf 85' lang='lat' dir='ltr'><strong>lphi-</strong></span> 
     </span>
     <span class='ocr_line' id='line_1_10' title="bbox 200 1349 1015 1452; baseline 0.001 -29"><span class='ocrx_word' id='word_1_56' title='bbox 200 1349 346 1452; x_wconf 83' lang='lat' dir='ltr'><strong>geniam</strong></span> <span class='ocrx_word' id='word_1_57' title='bbox 361 1349 485 1452; x_wconf 82' lang='lat' dir='ltr'><strong>Ulyssi</strong></span> <span class='ocrx_word' id='word_1_58' title='bbox 497 1349 705 1448; x_wconf 80' lang='lat' dir='ltr'><strong>committit.</strong></span> <span class='ocrx_word' id='word_1_59' title='bbox 728 1354 833 1452; x_wconf 88' lang='lat' dir='ltr'><strong>Isque</strong></span> <span class='ocrx_word' id='word_1_60' title='bbox 849 1350 1015 1426; x_wconf 85' lang='lat' dir='ltr'><strong>confecto</strong></span> 
     </span>
     <span class='ocr_line' id='line_1_11' title="bbox 200 1467 1015 1569; baseline 0 -27"><span class='ocrx_word' id='word_1_61' title='bbox 200 1467 366 1568; x_wconf 84' lang='lat' dir='ltr'><strong>negoti0‚</strong></span> <span class='ocrx_word' id='word_1_62' title='bbox 388 1467 510 1565; x_wconf 84' lang='lat' dir='ltr'><strong>paucis</strong></span> <span class='ocrx_word' id='word_1_63' title='bbox 529 1467 720 1569; x_wconf 83' lang='lat' dir='ltr'><strong>diebusad</strong></span> <span class='ocrx_word' id='word_1_64' title='bbox 741 1467 937 1541; x_wconf 81' lang='lat' dir='ltr'><strong>exercitum</strong></span> <span class='ocrx_word' id='word_1_65' title='bbox 949 1495 1015 1560; x_wconf 68' lang='lat' dir='ltr'><strong>nre-</strong></span> 
     </span>
     <span class='ocr_line' id='line_1_12' title="bbox 201 1583 1016 1685; baseline -0.001 -23"><span class='ocrx_word' id='word_1_66' title='bbox 201 1585 353 1662; x_wconf 81' lang='lat' dir='ltr'><strong>vertitur</strong></span> <span class='ocrx_word' id='word_1_67' title='bbox 366 1642 378 1679; x_wconf 89' lang='lat'><strong>,</strong></span> <span class='ocrx_word' id='word_1_68' title='bbox 393 1601 501 1685; x_wconf 87' lang='lat' dir='ltr'><strong>atque</strong></span> <span class='ocrx_word' id='word_1_69' title='bbox 515 1612 559 1659; x_wconf 86' lang='lat' dir='ltr'><strong>ex</strong></span> <span class='ocrx_word' id='word_1_70' title='bbox 571 1584 769 1683; x_wconf 89' lang='lat' dir='ltr'><strong>improviso</strong></span> <span class='ocrx_word' id='word_1_71' title='bbox 782 1583 819 1656; x_wconf 92' lang='lat' dir='ltr'><strong>in</strong></span> <span class='ocrx_word' id='word_1_72' title='bbox 832 1584 914 1659; x_wconf 92' lang='lat' dir='ltr'><strong>luco</strong></span> <span class='ocrx_word' id='word_1_73' title='bbox 925 1585 1016 1666; x_wconf 85' lang='lat' dir='ltr'><strong>Dia-</strong></span> 
     </span>
     <span class='ocr_line' id='line_1_13' title="bbox 200 1702 1016 1807; baseline -0.001 -28"><span class='ocrx_word' id='word_1_74' title='bbox 200 1732 255 1779; x_wconf 85' lang='lat' dir='ltr'><strong>nae</strong></span> <span class='ocrx_word' id='word_1_75' title='bbox 273 1733 357 1779; x_wconf 91' lang='lat' dir='ltr'><strong>cum</strong></span> <span class='ocrx_word' id='word_1_76' title='bbox 375 1705 513 1807; x_wconf 86' lang='lat' dir='ltr'><strong>virgine</strong></span> <span class='ocrx_word' id='word_1_77' title='bbox 531 1702 758 1803; x_wconf 86' lang='lat' dir='ltr'><strong>conspicitur.</strong></span> <span class='ocrx_word' id='word_1_78' title='bbox 775 1704 916 1802; x_wconf 85' lang='lat' dir='ltr'><strong>Quibus</strong></span> <span class='ocrx_word' id='word_1_79' title='bbox 928 1729 1016 1806; x_wconf 84' lang='lat' dir='ltr'><strong>cog-</strong></span> 
     </span>
     <span class='ocr_line' id='line_1_14' title="bbox 203 1819 1017 1924; baseline 0 -28"><span class='ocrx_word' id='word_1_80' title='bbox 203 1819 1017 1924; x_wconf 80' lang='lat' dir='ltr'><strong>nitis,Agamemnonaffectionepaternaepie-</strong></span> 
     </span>
     <span class='ocr_line' id='line_1_15' title="bbox 203 1936 1016 2035; baseline 0 -22"><span class='ocrx_word' id='word_1_81' title='bbox 203 1940 284 2014; x_wconf 89' lang='lat' dir='ltr'><strong>tatis</strong></span> <span class='ocrx_word' id='word_1_82' title='bbox 299 1956 439 2035; x_wconf 86' lang='lat' dir='ltr'><strong>motus,</strong></span> <span class='ocrx_word' id='word_1_83' title='bbox 461 1967 503 2017; x_wconf 83' lang='lat' dir='ltr'><strong>ac</strong></span> <span class='ocrx_word' id='word_1_84' title='bbox 521 1965 567 2015; x_wconf 89' lang='lat' dir='ltr'><strong>ne</strong></span> <span class='ocrx_word' id='word_1_85' title='bbox 591 1953 667 2013; x_wconf 89' lang='lat' dir='ltr'><strong>tam</strong></span> <span class='ocrx_word' id='word_1_86' title='bbox 686 1936 822 2014; x_wconf 90' lang='lat' dir='ltr'><strong>inlicito</strong></span> <span class='ocrx_word' id='word_1_87' title='bbox 842 1937 1016 2013; x_wconf 84' lang='lat' dir='ltr'><strong>immola·</strong></span> 
     </span>
     <span class='ocr_line' id='line_1_16' title="bbox 201 2057 1124 2158; baseline 0 -25"><span class='ocrx_word' id='word_1_88' title='bbox 201 2057 308 2133; x_wconf 87' lang='lat' dir='ltr'><strong>tionis</strong></span> <span class='ocrx_word' id='word_1_89' title='bbox 317 2057 774 2158; x_wconf 84' lang='lat' dir='ltr'><strong>sceleriinteresset‚fugam</strong></span> <span class='ocrx_word' id='word_1_90' title='bbox 782 2072 895 2156; x_wconf 89' lang='lat' dir='ltr'><strong>parat.</strong></span> <span class='ocrx_word' id='word_1_91' title='bbox 905 2060 1016 2151; x_wconf 88' lang='lat' dir='ltr'><strong>Eum,</strong></span> <span class='ocrx_word' id='word_1_92' title='bbox 1120 2092 1124 2096; x_wconf 56' lang='lat'>¹</span> 
     </span>
     <span class='ocr_line' id='line_1_17' title="bbox 201 2176 1018 2281; baseline -0.011 -24"><span class='ocrx_word' id='word_1_93' title='bbox 201 2180 434 2281; x_wconf 66' lang='lat' dir='ltr'><strong>recognita,</strong></span> <span class='ocrx_word' id='word_1_94' title='bbox 449 2180 606 2270; x_wconf 90' lang='lat' dir='ltr'><strong>Nestor,</strong></span> <span class='ocrx_word' id='word_1_95' title='bbox 619 2176 765 2277; x_wconf 86' lang='lat' dir='ltr'><strong>longam</strong></span> <span class='ocrx_word' id='word_1_96' title='bbox 778 2200 923 2250; x_wconf 85' lang='lat' dir='ltr'><strong>exorsus</strong></span> <span class='ocrx_word' id='word_1_97' title='bbox 935 2202 1018 2249; x_wconf 88' lang='lat' dir='ltr'><strong>ora-</strong></span> 
     </span>
     <span class='ocr_line' id='line_1_18' title="bbox 199 2293 1017 2397; baseline -0.004 -27"><span class='ocrx_word' id='word_1_98' title='bbox 199 2296 361 2390; x_wconf 84' lang='lat' dir='ltr'><strong>tionem,</strong></span> <span class='ocrx_word' id='word_1_99' title='bbox 389 2297 434 2369; x_wconf 87' lang='lat' dir='ltr'><strong>ad</strong></span> <span class='ocrx_word' id='word_1_100' title='bbox 450 2294 676 2397; x_wconf 86' lang='lat' dir='ltr'><strong>postremum</strong></span> <span class='ocrx_word' id='word_1_101' title='bbox 694 2293 929 2392; x_wconf 88' lang='lat' dir='ltr'><strong>persuadendi</strong></span> <span class='ocrx_word' id='word_1_102' title='bbox 954 2298 1017 2394; x_wconf 78' lang='lat' dir='ltr'><strong>ge-</strong></span> 
     </span>
     <span class='ocr_line' id='line_1_19' title="bbox 178 2411 1017 2515; baseline -0.006 -26"><span class='ocrx_word' id='word_1_103' title='bbox 178 2476 180 2479; x_wconf 92' lang='lat'><strong>.</strong></span> <span class='ocrx_word' id='word_1_104' title='bbox 201 2442 310 2509; x_wconf 85' lang='lat' dir='ltr'><strong>nere,</strong></span> <span class='ocrx_word' id='word_1_105' title='bbox 323 2414 366 2495; x_wconf 85' lang='lat' dir='ltr'><strong>in</strong></span> <span class='ocrx_word' id='word_1_106' title='bbox 384 2440 457 2515; x_wconf 89' lang='lat' dir='ltr'><strong>quo</strong></span> <span class='ocrx_word' id='word_1_107' title='bbox 470 2429 598 2512; x_wconf 87' lang='lat' dir='ltr'><strong>praeter</strong></span> <span class='ocrx_word' id='word_1_108' title='bbox 610 2428 754 2488; x_wconf 86' lang='lat' dir='ltr'><strong>caeteros</strong></span> <span class='ocrx_word' id='word_1_109' title='bbox 767 2412 910 2488; x_wconf 87' lang='lat' dir='ltr'><strong>Graeciae</strong></span> <span class='ocrx_word' id='word_1_110' title='bbox 922 2411 1017 2487; x_wconf 83' lang='lat' dir='ltr'><strong>viros</strong></span> 
     </span>
     <span class='ocr_line' id='line_1_20' title="bbox 202 2529 1016 2633; baseline -0.002 -26"><span class='ocrx_word' id='word_1_111' title='bbox 202 2533 381 2633; x_wconf 83' lang='lat' dir='ltr'><strong>¹jucundus</strong></span> <span class='ocrx_word' id='word_1_112' title='bbox 401 2533 638 2633; x_wconf 78' lang='lat' dir='ltr'><strong>acceptusque</strong></span> <span class='ocrx_word' id='word_1_113' title='bbox 663 2548 763 2626; x_wconf 87' lang='lat' dir='ltr'><strong>erat,</strong></span> <span class='ocrx_word' id='word_1_114' title='bbox 790 2559 810 2604; x_wconf 82' lang='lat' dir='ltr'><strong>a</strong></span> <span class='ocrx_word' id='word_1_115' title='bbox 831 2529 1016 2631; x_wconf 87' lang='lat' dir='ltr'><strong>proposito</strong></span> 
     </span>
     <span class='ocr_line' id='line_1_21' title="bbox 205 2647 379 2725; baseline -0.029 0"><span class='ocrx_word' id='word_1_116' title='bbox 205 2647 379 2725; x_wconf 81' lang='lat' dir='ltr'><strong>cohibuit.</strong></span> 
     </span>
    </p>
   </div>
   <div class='ocr_carea' id='block_1_3' title="bbox 434 2949 789 3022">
    <p class='ocr_par' dir='ltr' id='par_1_3' title="bbox 434 2949 789 3022">
     <span class='ocr_line' id='line_1_22' title="bbox 434 2949 789 3022; baseline -0.014 0"><span class='ocrx_word' id='word_1_117' title='bbox 434 2953 630 3022; x_wconf 86' lang='lat' dir='ltr'>CAPUT</span> <span class='ocrx_word' id='word_1_118' title='bbox 667 2949 789 3020; x_wconf 87' lang='lat' dir='ltr'><strong>XXI.</strong></span> 
     </span>
    </p>
   </div>
   <div class='ocr_carea' id='block_1_4' title="bbox 207 3110 1027 3467">
    <p class='ocr_par' dir='ltr' id='par_1_4' title="bbox 207 3110 1027 3467">
     <span class='ocr_line' id='line_1_23' title="bbox 226 3110 1023 3239; baseline -0.019 -32"><span class='ocrx_word' id='word_1_119' title='bbox 226 3214 228 3216; x_wconf 57' lang='grc'><strong>,</strong></span> <span class='ocrx_word' id='word_1_120' title='bbox 254 3110 424 3239; x_wconf 70' lang='lat' dir='ltr'><strong>latrantia</strong></span> <span class='ocrx_word' id='word_1_121' title='bbox 437 3128 614 3231; x_wconf 84' lang='lat' dir='ltr'><strong>virginem</strong></span> <span class='ocrx_word' id='word_1_122' title='bbox 627 3124 776 3227; x_wconf 87' lang='lat' dir='ltr'><strong>Ulysses</strong></span> <span class='ocrx_word' id='word_1_123' title='bbox 788 3137 825 3197; x_wconf 91' lang='lat' dir='ltr'><strong>et</strong></span> <span class='ocrx_word' id='word_1_124' title='bbox 838 3118 1023 3211; x_wconf 80' lang='lat' dir='ltr'><strong>Menelaus</strong></span> 
     </span>
     <span class='ocr_line' id='line_1_24' title="bbox 207 3238 1023 3346; baseline -0.02 -21"><span class='ocrx_word' id='word_1_125' title='bbox 207 3276 292 3325; x_wconf 89' lang='lat' dir='ltr'><strong>cum</strong></span> <span class='ocrx_word' id='word_1_126' title='bbox 313 3246 523 3337; x_wconf 84' lang='lat' dir='ltr'><strong>Calchante,</strong></span> <span class='ocrx_word' id='word_1_127' title='bbox 548 3244 678 3346; x_wconf 79' lang='lat' dir='ltr'><strong>quibus</strong></span> <span class='ocrx_word' id='word_1_128' title='bbox 694 3242 732 3316; x_wconf 91' lang='lat' dir='ltr'><strong>id</strong></span> <span class='ocrx_word' id='word_1_129' title='bbox 750 3239 939 3343; x_wconf 87' lang='lat' dir='ltr'><strong>negotium</strong></span> <span class='ocrx_word' id='word_1_130' title='bbox 957 3238 1023 3325; x_wconf 59' lang='lat' dir='ltr'><strong>da:</strong></span> 
     </span>
     <span class='ocr_line' id='line_1_25' title="bbox 207 3353 1027 3467; baseline -0.009 -28"><span class='ocrx_word' id='word_1_131' title='bbox 207 3380 288 3443; x_wconf 79' lang='lat' dir='ltr'><strong>tum</strong></span> <span class='ocrx_word' id='word_1_132' title='bbox 301 3380 399 3461; x_wconf 83' lang='lat' dir='ltr'><strong>erat,</strong></span> <span class='ocrx_word' id='word_1_133' title='bbox 415 3360 564 3443; x_wconf 83' lang='lat' dir='ltr'><strong>remotis</strong></span> <span class='ocrx_word' id='word_1_134' title='bbox 576 3359 703 3467; x_wconf 85' lang='lat' dir='ltr'><strong>procul</strong></span> <span class='ocrx_word' id='word_1_135' title='bbox 714 3356 906 3455; x_wconf 77' lang='lat' dir='ltr'><strong>omnibus,</strong></span> <span class='ocrx_word' id='word_1_136' title='bbox 919 3353 1027 3467; x_wconf 73' lang='lat' dir='ltr'><strong>sacri-</strong></span> 
     </span>
    </p>
   </div>
   <div class='ocr_carea' id='block_1_5' title="bbox 0 0 1150 4000">
    <p class='ocr_par' dir='ltr' id='par_1_5' title="bbox 0 0 1150 4000">
     <span class='ocr_line' id='line_1_26' title="bbox 0 0 1150 4000; baseline 0 0"><span class='ocrx_word' id='word_1_137' title='bbox 0 0 1150 4000; x_wconf 95' lang='lat' dir='ltr'><strong> </strong></span> 
     </span>
    </p>
   </div>
  </div>
 </body>
</html>
