2284 4000
322 268 462 343 nrvnr
489 236 767 327 ememtes.
899 243 952 335 29'

134 336 299 460 omnium
332 380 528 476 sententia,
555 352 714 481 reliquus
738 370 842 453 miles
865 396 949 451 rem

126 503 330 606 “cognoscit
985 511 989 516 ⁴

341 736 345 743 -
390 693 581 769 crrur
617 687 690 767 rx.
814 671 818 677 ’

182 846 240 925 Or
254 872 333 951 ques
339 847 455 949 placet
460 844 634 947 universis
641 902 655 940 ,
667 844 764 919 mitti
772 841 954 920 Mineruae·

135 966 273 1043 donum
292 994 403 1071 quarn
421 964 751 1041 honoratissimum.
770 964 871 1039 Tum
884 965 969 1038 aci

135 1084 224 1161 citus
244 1085 293 1159 ad
313 1112 393 1158 eam
416 1112 495 1159 rem
518 1083 702 1176 Helenus,
722 1096 849 1158 cuncta
869 1100 950 1182 quae

135 1202 228 1279 clam
246 1228 284 1277 se
300 1218 400 1305 gesta
413 1217 533 1296 erant,
554 1229 597 1277 ae
608 1199 638 1275 si
651 1196 949 1301 presensadfuis-

134 1336 207 1416 set,
225 1320 352 1397 ordine
366 1318 535 1421 exponit,
554 1319 724 1423 additque
745 1319 856 1395 finem
866 1317 950 1420 -jam

133 1440 316 1519 advenisse
324 1438 568 1541 Trojanarum
576 1437 950 1541 rerumzquippequo

132 1555 950 1659 maximesustentamuusummaeivitatisejus,

133 1678 331 1753 Palladium
344 1676 472 1769 fuisse,
485 1702 560 1779 quo
572 1674 713 1773 ablato,
728 1676 878 1752 exitium
887 1676 947 1750 in·-

134 1823 285 1899 gruere:
302 1794 471 1871 caeterum
485 1796 624 1872 donum
634 1789 816 1871 'ttinervae
838 1792 947 1869 fatale

135 1911 302 2014 Trojanis
321 1938 396 2012 esse
405 1972 418 2010 ‚
437 1942 575 2018 equum
593 1911 693 2018 ligno
706 1911 946 1994 fabrefactum

131 2027 250 2106 forma
273 2031 433 2136 ingenti,
454 2033 557 2136 cujus
579 2029 829 2136 magnitudine
847 2033 949 2107 muri
978 2085 981 2089 -

74 2143 78 2154 ’
131 2147 292 2241 solvendi
306 2151 636 2245 essent,adnitente
649 2151 758 2252 atque
771 2147 947 2224 adminis-
1034 2174 1037 2183 ’

130 2283 187 2342 tro
203 2270 389 2345 Antenore
411 2302 419 2343 :
444 2270 526 2345 dein
540 2271 745 2347 recordatus
755 2281 946 2368 parentem

128 2385 313 2460 Priamum
326 2387 559 2490 residuosque
573 2389 722 2482 fratres,
733 2387 862 2462 fletum
870 2373 954 2462 edit·
973 2405 979 2441 ³
1080 2405 1086 2413 ‘

128 2504 388 2599 miserabilem,
412 2522 729 2608 consternatusque
750 2533 818 2605 per
837 2503 945 2581 dolo-

126 2647 207 2696 rem
221 2635 329 2722 atque
339 2623 608 2721 obstupefactus
627 2624 711 2699 ruit.
732 2627 833 2699 Tum
849 2625 958 2727 Pyr:

127 2739 414 2818 rhuscollectrnn
427 2769 535 2836 eum,
548 2742 798 2845 refee'tumque
811 2743 945 2839 animi,
970 2775 977 2783 ·

124 2859 172 2934 ad
183 2865 221 2934 ee
232 2859 396 2955 deducit,
413 2861 652 2963 custodesque
666 2859 789 2956 addit,
808 2863 944 2940 veritus
969 2907 974 2913 ·

122 3004 169 3052 ne
181 3003 253 3078 qua
265 3003 334 3076 per
349 3005 435 3059 eum
444 2979 606 3058 hostibus
617 3007 697 3082 quae
709 2991 809 3082 gesta
825 2994 957 3075 eraut,
971 3000 977 3023 ²

121 3094 344 3193 patefierent.
370 3097 481 3198 Quod
490 3097 554 3172 ubi
568 3098 733 3174 Helenus
745 3096 941 3197 persensit,

120 3215 302 3315 Pyrrhum
315 3215 369 3290 uti
378 3217 518 3294 bonum
530 3217 697 3294 animum
704 3227 848 3321 gereret
856 3217 940 3292 hor·

121 3347 217 3438 tetur
224 3388 237 3431 ,
246 3344 413 3414 securum
420 3335 475 3414 sui
480 3396 496 3435 ,
505 3353 800 3439 secretorumque
813 3367 822 3410 z
833 3362 940 3444 narrt·⁸
