2284 4000
287 338 450 392 zrvuu
489 337 739 389 1111111.
871 313 915 388 51

310 506 509 580 CAPUT
542 511 714 580 XVIII.

142 685 299 759 terrun
314 681 408 756 inter
422 677 564 756 tautum
585 671 749 756 classium
771 693 922 782 appara'-

92 819 186 876 tum
200 858 213 895 ,
225 801 312 903 equi
324 816 432 901 atque
449 827 578 875 currus
586 801 722 895 bellici,
735 829 803 900 pro
820 802 923 878 loeo·

91 947 191 997 rum
210 919 416 994 conditione
430 918 562 1014 multi,
580 920 642 993 sed
660 920 841 1018 pedestres
854 920 924 992 mi·

94 1039 186 1113 lites
199 1062 281 1136 pars
294 1037 451 1150 marrima
460 1065 478 1128 3¹
498 1038 640 1111 obeam
656 1064 819 1132 causam,
839 1038 924 1139 quia

94 1179 174 1258 per
189 1182 337 1231 omnem
353 1157 527 1231 Groeciam
538 1155 654 1252 multo
668 1157 808 1258 majore
821 1183 925 1258 eges-

98 1293 191 1352 tate·
218 1269 361 1374 pab'uli,
389 1275 566 1377 equitatus
587 1261 675 1349 usus
700 1276 922 1374 prehibetur.

100 1397 284 1473 Praeterea
309 1392 410 1468 fuere
431 1393 557 1488 multi,
584 1393 648 1495 qui
664 1394 713 1467 ob
732 1392 816 1500 urtis
829 1395 926 1494 peri-

100 1515 208 1590 tiam.
223 1511 409 1588 necessarii
433 1515 574 1586 nautico
598 1513 785 1611 apparatui
801 1515 925 1588 crede⁴

100 1633 253 1706 bantur.
275 1633 344 1706 Per
364 1629 462 1704 idem
484 1645 629 1728 tempus
645 1630 777 1729 Lycius
792 1635 924 1727 Sarpe-

101 1750 203 1844 don,
223 1773 340 1850 neque
356 1746 473 1846 pretio
487 1801 500 1840 ‚
513 1773 631 1846 neque
645 1733 760 1848 greti&
772 1747 925 1822 Phalidis
948 1759 954 1769 '

101 1867 341 1944 Sidoniorum
352 1865 446 1968 regis
457 1863 553 1940 inlici
567 1862 702 1965 quivit,
717 1879 759 1938 ut
774 1865 923 1940 sociem·

104 2004 186 2061 tem
200 1978 335 2059 militiae
346 2000 474 2058 nostrae
490 1982 657 2071 adversus
670 1982 848 2086 Trojanos
858 2014 922 2061 se·
972 2040 975 2045 -

102 2098 293 2207 queretur.
311 2102 457 2204 Quippe
470 2128 581 2203 quem
593 2103 669 2203 jam
681 2102 845 2178 Priamus
855 2106 922 2179 do·-

104 2224 165 2299 nis
180 2222 432 2319 amplioribus,
451 2220 570 2321 iisque
590 2237 714 2320 postea
736 2222 922 2321 duplicatis

104 2335 322 2416 fidissimum
347 2338 415 2413 sibi
432 2338 638 2415 retinuerat.
659 2339 839 2414 Omnium
856 2370 921 2415 au·
1022 2336 1026 2345 ’

13 2554 16 2561 ¹
106 2478 186 2535 tem
199 2457 361 2533 classium
378 2482 576 2552 numerus,
594 2484 705 2559 quem
718 2484 762 2532 ex
773 2458 919 2535 diversis

107 2576 253 2655 Graeciae
266 2576 384 2679 regnis
400 2591 624 2652 contractum
639 2602 743 2674 supra
756 2576 919 2675 exposui-
945 2627 946 2630 =

106 2721 219 2791 mus,
244 2710 322 2770 tote
348 2691 594 2797 quinquennio
623 2710 839 2793 praeparatus
864 2695 920 2768 in-

108 2830 333 2929 structusque
356 2828 420 2888 est.
438 2817 491 2885 Ita
513 2839 627 2915 quum
648 2810 780 2887 nulla
765 2839 840 2913 jam
862 2840 920 2889 res

108 2920 261 3032 'profect
251 2957 372 3007 ionem
391 2931 457 3005 nisi
482 2932 641 3005 absentia
665 2930 788 3006 militis
808 2949 922 3008 retar

112 3052 232 3145 daret,
244 3050 475 3126 cuncttduces
487 3051 636 3127 veluti
610 3078 712 3153 signo
728 3051 834 3146 dam,
847 3081 920 3127 una

108 3183 217 3273 atque
228 3168 359 3247 eodem
370 3183 534 3273 tempore
544 3168 676 3247 Aulida
684 3167 881 3248 confluunt.
1040 3199 1055 3222 ··
