<?xml version="1.0" encoding="UTF-8"?>
<!DOCTYPE html PUBLIC "-//W3C//DTD XHTML 1.0 Transitional//EN"
    "http://www.w3.org/TR/xhtml1/DTD/xhtml1-transitional.dtd">
<html xmlns="http://www.w3.org/1999/xhtml" xml:lang="en" lang="en">
 <head>
  <title>
</title>
<meta http-equiv="Content-Type" content="text/html;charset=utf-8" />
  <meta name='ocr-system' content='tesseract 3.04.00' />
  <meta name='ocr-capabilities' content='ocr_page ocr_carea ocr_par ocr_line ocrx_word'/>
</head>
<body>
  <div class='ocr_page' id='page_1' title='image "./histoiredelague00cailgoog_0510.png"; bbox 0 0 2284 4000; ppageno 0'>
   <div class='ocr_carea' id='block_1_1' title="bbox 322 275 925 360">
    <p class='ocr_par' dir='ltr' id='par_1_1' title="bbox 322 275 925 360">
     <span class='ocr_line' id='line_1_1' title="bbox 322 275 925 360; baseline -0.005 -8"><span class='ocrx_word' id='word_1_1' title='bbox 322 304 466 355; x_wconf 75' lang='lat' dir='ltr'>nrrnn</span> <span class='ocrx_word' id='word_1_2' title='bbox 507 279 720 360; x_wconf 72' lang='lat' dir='ltr'>sixrlnrr.</span> <span class='ocrx_word' id='word_1_3' title='bbox 858 275 925 349; x_wconf 70' lang='grc' dir='ltr'>1.ιὸ</span> 
     </span>
    </p>
   </div>
   <div class='ocr_carea' id='block_1_2' title="bbox 114 409 1037 2411">
    <p class='ocr_par' dir='ltr' id='par_1_2' title="bbox 114 409 1037 2411">
     <span class='ocr_line' id='line_1_2' title="bbox 114 409 935 515; baseline -0.006 -21"><span class='ocrx_word' id='word_1_4' title='bbox 114 412 209 512; x_wconf 52' lang='lat' dir='ltr'>enm„</span> <span class='ocrx_word' id='word_1_5' title='bbox 220 417 329 495; x_wconf 90' lang='lat' dir='ltr'>venit.</span> <span class='ocrx_word' id='word_1_6' title='bbox 357 415 413 491; x_wconf 91' lang='lat' dir='ltr'>lbi</span> <span class='ocrx_word' id='word_1_7' title='bbox 437 441 504 515; x_wconf 83' lang='lat' dir='ltr'>per</span> <span class='ocrx_word' id='word_1_8' title='bbox 530 414 695 491; x_wconf 80' lang='lat' dir='ltr'>custodes</span> <span class='ocrx_word' id='word_1_9' title='bbox 710 410 788 515; x_wconf 83' lang='lat' dir='ltr'>agri</span> <span class='ocrx_word' id='word_1_10' title='bbox 814 409 935 511; x_wconf 83' lang='lat' dir='ltr'>patrio</span> 
     </span>
     <span class='ocr_line' id='line_1_3' title="bbox 118 529 934 635; baseline -0.009 -26"><span class='ocrx_word' id='word_1_11' title='bbox 118 537 217 610; x_wconf 79' lang='lat' dir='ltr'>aditu</span> <span class='ocrx_word' id='word_1_12' title='bbox 232 534 458 635; x_wconf 84' lang='lat' dir='ltr'>prohibitus,</span> <span class='ocrx_word' id='word_1_13' title='bbox 485 532 549 606; x_wconf 85' lang='lat' dir='ltr'>ubi</span> <span class='ocrx_word' id='word_1_14' title='bbox 577 529 825 608; x_wconf 85' lang='lat' dir='ltr'>vehementius</span> <span class='ocrx_word' id='word_1_15' title='bbox 844 556 934 628; x_wconf 84' lang='lat' dir='ltr'>per-</span> 
     </span>
     <span class='ocr_line' id='line_1_4' title="bbox 117 648 933 749; baseline -0.002 -23"><span class='ocrx_word' id='word_1_16' title='bbox 117 669 205 749; x_wconf 79' lang='lat' dir='ltr'>stat,</span> <span class='ocrx_word' id='word_1_17' title='bbox 218 669 254 734; x_wconf 87' lang='lat' dir='ltr'>et</span> <span class='ocrx_word' id='word_1_18' title='bbox 270 681 291 730; x_wconf 89' lang='lat' dir='ltr'>e</span> <span class='ocrx_word' id='word_1_19' title='bbox 308 653 453 729; x_wconf 84' lang='lat' dir='ltr'>diverso</span> <span class='ocrx_word' id='word_1_20' title='bbox 466 649 653 748; x_wconf 80' lang='lat' dir='ltr'>repellitur</span> <span class='ocrx_word' id='word_1_21' title='bbox 663 650 818 724; x_wconf 84' lang='lat' dir='ltr'>clamare</span> <span class='ocrx_word' id='word_1_22' title='bbox 833 648 933 724; x_wconf 85' lang='lat' dir='ltr'>ocei-</span> 
     </span>
     <span class='ocr_line' id='line_1_5' title="bbox 122 766 1037 874; baseline -0.005 -30"><span class='ocrx_word' id='word_1_23' title='bbox 122 771 197 872; x_wconf 85' lang='lat' dir='ltr'>pit,</span> <span class='ocrx_word' id='word_1_24' title='bbox 211 769 403 874; x_wconf 84' lang='lat' dir='ltr'>indignum</span> <span class='ocrx_word' id='word_1_25' title='bbox 420 767 561 854; x_wconf 84' lang='lat' dir='ltr'>facinus</span> <span class='ocrx_word' id='word_1_26' title='bbox 575 766 760 866; x_wconf 81' lang='lat' dir='ltr'>prohiberi</span> <span class='ocrx_word' id='word_1_27' title='bbox 772 792 809 843; x_wconf 86' lang='lat' dir='ltr'>se</span> <span class='ocrx_word' id='word_1_28' title='bbox 830 794 852 840; x_wconf 87' lang='lat' dir='ltr'>a</span> <span class='ocrx_word' id='word_1_29' title='bbox 874 793 938 866; x_wconf 79' lang='lat' dir='ltr'>pn·</span> <span class='ocrx_word' id='word_1_30' title='bbox 1035 773 1037 779; x_wconf 86' lang='lat'>&#39;</span> 
     </span>
     <span class='ocr_line' id='line_1_6' title="bbox 117 882 936 987; baseline -0.005 -23"><span class='ocrx_word' id='word_1_31' title='bbox 117 891 229 966; x_wconf 86' lang='lat' dir='ltr'>rentis</span> <span class='ocrx_word' id='word_1_32' title='bbox 252 887 457 987; x_wconf 87' lang='lat' dir='ltr'>complexu.</span> <span class='ocrx_word' id='word_1_33' title='bbox 483 885 532 959; x_wconf 83' lang='lat' dir='ltr'>lta</span> <span class='ocrx_word' id='word_1_34' title='bbox 556 885 695 960; x_wconf 88' lang='lat' dir='ltr'>credito</span> <span class='ocrx_word' id='word_1_35' title='bbox 706 882 936 986; x_wconf 83' lang='lat' dir='ltr'><strong>Telegonum</strong></span> 
     </span>
     <span class='ocr_line' id='line_1_7' title="bbox 118 1001 939 1108; baseline -0.011 -26"><span class='ocrx_word' id='word_1_36' title='bbox 118 1005 399 1082; x_wconf 80' lang='lat' dir='ltr'>adinferendam</span> <span class='ocrx_word' id='word_1_37' title='bbox 410 1004 485 1084; x_wconf 84' lang='lat' dir='ltr'>vim</span> <span class='ocrx_word' id='word_1_38' title='bbox 501 1002 579 1108; x_wconf 80' lang='lat' dir='ltr'>regi</span> <span class='ocrx_word' id='word_1_39' title='bbox 593 1003 785 1081; x_wconf 85' lang='lat' dir='ltr'>adventare</span> <span class='ocrx_word' id='word_1_40' title='bbox 793 1057 807 1097; x_wconf 91' lang='lat'>,</span> <span class='ocrx_word' id='word_1_41' title='bbox 820 1001 939 1087; x_wconf 72' lang='lat' dir='ltr'>aerios</span> 
     </span>
     <span class='ocr_line' id='line_1_8' title="bbox 118 1123 961 1224; baseline -0.011 -22"><span class='ocrx_word' id='word_1_42' title='bbox 118 1125 313 1218; x_wconf 82' lang='lat' dir='ltr'>resistitur,</span> <span class='ocrx_word' id='word_1_43' title='bbox 331 1125 421 1198; x_wconf 88' lang='lat' dir='ltr'>nulli</span> <span class='ocrx_word' id='word_1_44' title='bbox 433 1123 567 1224; x_wconf 88' lang='lat' dir='ltr'>quippe</span> <span class='ocrx_word' id='word_1_45' title='bbox 588 1137 843 1221; x_wconf 78' lang='lat' dir='ltr'>compertum,</span> <span class='ocrx_word' id='word_1_46' title='bbox 861 1143 961 1205; x_wconf 76' lang='lat' dir='ltr'>esse.</span> 
     </span>
     <span class='ocr_line' id='line_1_9' title="bbox 119 1241 937 1344; baseline 0 -28"><span class='ocrx_word' id='word_1_47' title='bbox 119 1243 273 1318; x_wconf 76' lang='lat' dir='ltr'>alterum</span> <span class='ocrx_word' id='word_1_48' title='bbox 298 1242 407 1317; x_wconf 86' lang='lat' dir='ltr'>etiam</span> <span class='ocrx_word' id='word_1_49' title='bbox 434 1241 558 1344; x_wconf 82' lang='lat' dir='ltr'>Ulyssi</span> <span class='ocrx_word' id='word_1_50' title='bbox 582 1241 696 1315; x_wconf 79' lang='lat' dir='ltr'>filiuni</span> <span class='ocrx_word' id='word_1_51' title='bbox 714 1273 723 1313; x_wconf 76' lang='grc' dir='ltr'>ε</span> <span class='ocrx_word' id='word_1_52' title='bbox 741 1257 779 1316; x_wconf 85' lang='lat' dir='ltr'>at</span> <span class='ocrx_word' id='word_1_53' title='bbox 796 1241 937 1342; x_wconf 69' lang='lat' dir='ltr'>juvenis,</span> 
     </span>
     <span class='ocr_line' id='line_1_10' title="bbox 121 1343 939 1460; baseline -0.005 -24"><span class='ocrx_word' id='word_1_54' title='bbox 121 1361 185 1436; x_wconf 89' lang='lat' dir='ltr'>ubi</span> <span class='ocrx_word' id='word_1_55' title='bbox 198 1388 235 1436; x_wconf 86' lang='lat' dir='ltr'>se</span> <span class='ocrx_word' id='word_1_56' title='bbox 249 1343 517 1454; x_wconf 80' lang='lat' dir='ltr'>vehementius,</span> <span class='ocrx_word' id='word_1_57' title='bbox 531 1375 567 1442; x_wconf 84' lang='lat' dir='ltr'>et</span> <span class='ocrx_word' id='word_1_58' title='bbox 584 1387 651 1455; x_wconf 86' lang='lat' dir='ltr'>per</span> <span class='ocrx_word' id='word_1_59' title='bbox 662 1362 737 1437; x_wconf 84' lang='lat' dir='ltr'>vim</span> <span class='ocrx_word' id='word_1_60' title='bbox 750 1359 876 1460; x_wconf 83' lang='lat' dir='ltr'>repelli</span> <span class='ocrx_word' id='word_1_61' title='bbox 887 1359 939 1438; x_wconf 84' lang='lat' dir='ltr'>vi·</span> 
     </span>
     <span class='ocr_line' id='line_1_11' title="bbox 116 1477 938 1575; baseline 0.001 -20"><span class='ocrx_word' id='word_1_62' title='bbox 116 1481 201 1575; x_wconf 85' lang='lat' dir='ltr'>det,</span> <span class='ocrx_word' id='word_1_63' title='bbox 215 1478 339 1554; x_wconf 89' lang='lat' dir='ltr'>dolore</span> <span class='ocrx_word' id='word_1_64' title='bbox 353 1479 465 1554; x_wconf 81' lang='lat' dir='ltr'>elutus</span> <span class='ocrx_word' id='word_1_65' title='bbox 474 1477 611 1552; x_wconf 87' lang='lat' dir='ltr'>multos</span> <span class='ocrx_word' id='word_1_66' title='bbox 623 1479 814 1555; x_wconf 87' lang='lat' dir='ltr'>custodum</span> <span class='ocrx_word' id='word_1_67' title='bbox 827 1478 938 1562; x_wconf 83' lang='lat' dir='ltr'>inter·=</span> 
     </span>
     <span class='ocr_line' id='line_1_12' title="bbox 117 1595 936 1699; baseline 0 -29"><span class='ocrx_word' id='word_1_68' title='bbox 117 1595 193 1672; x_wconf 82' lang='lat' dir='ltr'>ficit</span> <span class='ocrx_word' id='word_1_69' title='bbox 213 1651 228 1692; x_wconf 88' lang='lat'>,</span> <span class='ocrx_word' id='word_1_70' title='bbox 256 1611 318 1671; x_wconf 83' lang='lat' dir='ltr'>aut</span> <span class='ocrx_word' id='word_1_71' title='bbox 341 1596 501 1699; x_wconf 81' lang='lat' dir='ltr'>graviter</span> <span class='ocrx_word' id='word_1_72' title='bbox 522 1595 729 1672; x_wconf 81' lang='lat' dir='ltr'>vulneratos</span> <span class='ocrx_word' id='word_1_73' title='bbox 746 1595 936 1672; x_wconf 71' lang='lat' dir='ltr'>&#39;debilitat</span> 
     </span>
     <span class='ocr_line' id='line_1_13' title="bbox 114 1711 937 1818; baseline 0.002 -28"><span class='ocrx_word' id='word_1_74' title='bbox 114 1715 208 1816; x_wconf 82' lang='lat' dir='ltr'>Quae</span> <span class='ocrx_word' id='word_1_75' title='bbox 222 1731 416 1818; x_wconf 74' lang='lat' dir='ltr'>postquem</span> <span class='ocrx_word' id='word_1_76' title='bbox 427 1713 552 1818; x_wconf 82' lang='lat' dir='ltr'>Ulyssi</span> <span class='ocrx_word' id='word_1_77' title='bbox 570 1711 716 1816; x_wconf 79' lang='lat' dir='ltr'>cognita</span> <span class='ocrx_word' id='word_1_78' title='bbox 725 1713 937 1807; x_wconf 76' lang='lat' dir='ltr'>suut,exis·</span> 
     </span>
     <span class='ocr_line' id='line_1_14' title="bbox 118 1829 1023 1936; baseline 0 -30"><span class='ocrx_word' id='word_1_79' title='bbox 118 1833 250 1910; x_wconf 78' lang='lat' dir='ltr'>timens</span> <span class='ocrx_word' id='word_1_80' title='bbox 261 1835 464 1936; x_wconf 78' lang='lat' dir='ltr'>juvenemi</span> <span class='ocrx_word' id='word_1_81' title='bbox 479 1829 936 1928; x_wconf 70' lang='lat' dir='ltr'>Telemacho-immissum,</span> <span class='ocrx_word' id='word_1_82' title='bbox 1018 1900 1023 1906; x_wconf 86' lang='grc'><strong>.</strong></span> 
     </span>
     <span class='ocr_line' id='line_1_15' title="bbox 120 1950 940 2057; baseline -0.002 -28"><span class='ocrx_word' id='word_1_83' title='bbox 120 1952 449 2057; x_wconf 76' lang='lat' dir='ltr'>egressusluueeam</span> <span class='ocrx_word' id='word_1_84' title='bbox 462 1979 575 2055; x_wconf 85' lang='lat' dir='ltr'>quam</span> <span class='ocrx_word' id='word_1_85' title='bbox 589 1952 638 2029; x_wconf 91' lang='lat' dir='ltr'>ob</span> <span class='ocrx_word' id='word_1_86' title='bbox 646 1950 795 2037; x_wconf 71' lang='lat' dir='ltr'>tutelam</span> <span class='ocrx_word' id='word_1_87' title='bbox 803 1950 859 2033; x_wconf 89' lang='lat' dir='ltr'>sui</span> <span class='ocrx_word' id='word_1_88' title='bbox 872 1977 940 2055; x_wconf 60' lang='lat' dir='ltr'>ge*</span> 
     </span>
     <span class='ocr_line' id='line_1_16' title="bbox 120 2071 936 2176; baseline 0.001 -30"><span class='ocrx_word' id='word_1_89' title='bbox 120 2100 200 2149; x_wconf 88' lang='lat' dir='ltr'>rere</span> <span class='ocrx_word' id='word_1_90' title='bbox 216 2080 471 2168; x_wconf 81' lang='lat' dir='ltr'>consueverat,</span> <span class='ocrx_word' id='word_1_91' title='bbox 486 2072 679 2150; x_wconf 79' lang='lat' dir='ltr'>adversum</span> <span class='ocrx_word' id='word_1_92' title='bbox 703 2071 936 2176; x_wconf 81' lang='lat' dir='ltr'>Telegonum</span> 
     </span>
     <span class='ocr_line' id='line_1_17' title="bbox 118 2190 938 2293; baseline 0.001 -30"><span class='ocrx_word' id='word_1_93' title='bbox 118 2191 303 2291; x_wconf 80' lang='lat' dir='ltr'>jaculatur.</span> <span class='ocrx_word' id='word_1_94' title='bbox 320 2192 390 2266; x_wconf 88' lang='lat' dir='ltr'>Sed</span> <span class='ocrx_word' id='word_1_95' title='bbox 399 2206 592 2293; x_wconf 85' lang='lat' dir='ltr'>postquam</span> <span class='ocrx_word' id='word_1_96' title='bbox 602 2190 810 2291; x_wconf 84' lang='lat' dir='ltr'>hujusmodi</span> <span class='ocrx_word' id='word_1_97' title='bbox 819 2190 938 2265; x_wconf 82' lang='lat' dir='ltr'>ictum</span> 
     </span>
     <span class='ocr_line' id='line_1_18' title="bbox 118 2306 934 2411; baseline 0.002 -32"><span class='ocrx_word' id='word_1_98' title='bbox 118 2308 256 2408; x_wconf 73' lang='lat' dir='ltr'>juvenis</span> <span class='ocrx_word' id='word_1_99' title='bbox 281 2334 364 2383; x_wconf 88' lang='lat' dir='ltr'>casu</span> <span class='ocrx_word' id='word_1_100' title='bbox 385 2310 544 2411; x_wconf 85' lang='lat' dir='ltr'>quodam</span> <span class='ocrx_word' id='word_1_101' title='bbox 568 2308 773 2407; x_wconf 83' lang='lat' dir='ltr'>intercipit,</span> <span class='ocrx_word' id='word_1_102' title='bbox 801 2308 877 2408; x_wconf 88' lang='lat' dir='ltr'>ipse</span> <span class='ocrx_word' id='word_1_103' title='bbox 894 2306 934 2381; x_wconf 92' lang='lat' dir='ltr'>in</span> 
     </span>
    </p>
   </div>
   <div class='ocr_carea' id='block_1_3' title="bbox 115 2424 1057 2526">
    <p class='ocr_par' dir='ltr' id='par_1_3' title="bbox 115 2424 1057 2526">
     <span class='ocr_line' id='line_1_19' title="bbox 115 2424 1057 2526; baseline -0.001 -29"><span class='ocrx_word' id='word_1_104' title='bbox 115 2440 303 2523; x_wconf 84' lang='lat' dir='ltr'>parentem</span> <span class='ocrx_word' id='word_1_105' title='bbox 316 2424 453 2526; x_wconf 83' lang='lat' dir='ltr'>insigne</span> <span class='ocrx_word' id='word_1_106' title='bbox 469 2426 628 2526; x_wconf 76' lang='lat' dir='ltr'>j&#39;aculum</span> <span class='ocrx_word' id='word_1_107' title='bbox 642 2426 794 2518; x_wconf 79' lang='lat' dir='ltr'>emittit,</span> <span class='ocrx_word' id='word_1_108' title='bbox 807 2424 933 2499; x_wconf 86' lang='lat' dir='ltr'>infeli·</span> <span class='ocrx_word' id='word_1_109' title='bbox 1053 2441 1057 2447; x_wconf 90' lang='grc'>’</span> 
     </span>
    </p>
   </div>
   <div class='ocr_carea' id='block_1_4' title="bbox 116 2541 933 2763">
    <p class='ocr_par' dir='ltr' id='par_1_4' title="bbox 116 2541 933 2763">
     <span class='ocr_line' id='line_1_20' title="bbox 116 2541 933 2643; baseline 0.005 -28"><span class='ocrx_word' id='word_1_110' title='bbox 116 2542 301 2615; x_wconf 84' lang='lat' dir='ltr'>cissimum</span> <span class='ocrx_word' id='word_1_111' title='bbox 310 2569 431 2617; x_wconf 88' lang='lat' dir='ltr'>casum</span> <span class='ocrx_word' id='word_1_112' title='bbox 443 2541 583 2618; x_wconf 89' lang='lat' dir='ltr'>vulneri</span> <span class='ocrx_word' id='word_1_113' title='bbox 592 2544 872 2643; x_wconf 76' lang='lat' dir='ltr'>contemplatus</span> <span class='ocrx_word' id='word_1_114' title='bbox 880 2547 933 2619; x_wconf 82' lang='lat' dir='ltr'>At</span> 
     </span>
     <span class='ocr_line' id='line_1_21' title="bbox 120 2657 933 2763; baseline 0.005 -30"><span class='ocrx_word' id='word_1_115' title='bbox 120 2658 182 2733; x_wconf 89' lang='lat' dir='ltr'>ubi</span> <span class='ocrx_word' id='word_1_116' title='bbox 211 2657 286 2763; x_wconf 84' lang='lat' dir='ltr'>ictu</span> <span class='ocrx_word' id='word_1_117' title='bbox 311 2685 355 2733; x_wconf 90' lang='lat' dir='ltr'>eo</span> <span class='ocrx_word' id='word_1_118' title='bbox 374 2658 524 2761; x_wconf 80' lang='lat' dir='ltr'>Ulysses</span> <span class='ocrx_word' id='word_1_119' title='bbox 547 2659 735 2754; x_wconf 85' lang='lat' dir='ltr'>concidit,</span> <span class='ocrx_word' id='word_1_120' title='bbox 762 2660 933 2762; x_wconf 74' lang='lat' dir='ltr'>grauilari</span> 
     </span>
    </p>
   </div>
   <div class='ocr_carea' id='block_1_5' title="bbox 118 2777 1055 2883">
    <p class='ocr_par' dir='ltr' id='par_1_5' title="bbox 118 2777 1055 2883">
     <span class='ocr_line' id='line_1_22' title="bbox 118 2777 1055 2883; baseline -0.004 -27"><span class='ocrx_word' id='word_1_121' title='bbox 118 2804 202 2856; x_wconf 88' lang='lat' dir='ltr'>cum</span> <span class='ocrx_word' id='word_1_122' title='bbox 215 2777 381 2871; x_wconf 82' lang='lat' dir='ltr'>fortuna,</span> <span class='ocrx_word' id='word_1_123' title='bbox 398 2777 636 2883; x_wconf 83' lang='lat' dir='ltr'>confiterique</span> <span class='ocrx_word' id='word_1_124' title='bbox 652 2777 795 2877; x_wconf 88' lang='lat' dir='ltr'>optime</span> <span class='ocrx_word' id='word_1_125' title='bbox 806 2793 934 2855; x_wconf 85' lang='lat' dir='ltr'>secum</span> <span class='ocrx_word' id='word_1_126' title='bbox 969 2822 971 2825; x_wconf 55' lang='lat'><strong>&gt;</strong></span> <span class='ocrx_word' id='word_1_127' title='bbox 1052 2794 1055 2799; x_wconf 79' lang='grc'>’</span> 
     </span>
    </p>
   </div>
   <div class='ocr_carea' id='block_1_6' title="bbox 61 2893 986 3469">
    <p class='ocr_par' dir='ltr' id='par_1_6' title="bbox 61 2893 986 3469">
     <span class='ocr_line' id='line_1_23' title="bbox 89 2893 935 2996; baseline 0.001 -26"><span class='ocrx_word' id='word_1_128' title='bbox 89 2966 93 2970; x_wconf 87' lang='grc'><strong>,</strong></span> <span class='ocrx_word' id='word_1_129' title='bbox 116 2912 236 2971; x_wconf 89' lang='lat' dir='ltr'>actum</span> <span class='ocrx_word' id='word_1_130' title='bbox 247 2893 344 2996; x_wconf 89' lang='lat' dir='ltr'>quod</span> <span class='ocrx_word' id='word_1_131' title='bbox 363 2920 435 2991; x_wconf 87' lang='lat' dir='ltr'>per</span> <span class='ocrx_word' id='word_1_132' title='bbox 451 2894 525 2970; x_wconf 83' lang='lat' dir='ltr'>vim</span> <span class='ocrx_word' id='word_1_133' title='bbox 540 2894 678 2970; x_wconf 85' lang='lat' dir='ltr'>externi</span> <span class='ocrx_word' id='word_1_134' title='bbox 694 2894 853 2977; x_wconf 87' lang='lat' dir='ltr'>hominis</span> <span class='ocrx_word' id='word_1_135' title='bbox 869 2896 935 2971; x_wconf 78' lang='lat' dir='ltr'>in-</span> 
     </span>
     <span class='ocr_line' id='line_1_24' title="bbox 61 3011 927 3111; baseline 0.001 -22"><span class='ocrx_word' id='word_1_136' title='bbox 61 3024 64 3035; x_wconf 85' lang='grc'><em>“</em></span> <span class='ocrx_word' id='word_1_137' title='bbox 117 3030 329 3111; x_wconf 82' lang='lat' dir='ltr'>teremptus,</span> <span class='ocrx_word' id='word_1_138' title='bbox 338 3011 518 3111; x_wconf 86' lang='lat' dir='ltr'>parricidii</span> <span class='ocrx_word' id='word_1_139' title='bbox 527 3011 927 3090; x_wconf 78' lang='lat' dir='ltr'>scelere&#39;l&#39;elemachum</span> 
     </span>
     <span class='ocr_line' id='line_1_25' title="bbox 117 3130 927 3208; baseline 0.002 -2"><span class='ocrx_word' id='word_1_140' title='bbox 117 3131 364 3206; x_wconf 84' lang='lat' dir='ltr'>charissimum</span> <span class='ocrx_word' id='word_1_141' title='bbox 382 3130 448 3203; x_wconf 83' lang='lat' dir='ltr'>sibi</span> <span class='ocrx_word' id='word_1_142' title='bbox 472 3130 702 3207; x_wconf 83' lang='lat' dir='ltr'>liberavisset.</span> <span class='ocrx_word' id='word_1_143' title='bbox 722 3134 817 3207; x_wconf 90' lang='lat' dir='ltr'>Dein</span> <span class='ocrx_word' id='word_1_144' title='bbox 840 3133 927 3208; x_wconf 90' lang='lat' dir='ltr'>reli-</span> 
     </span>
     <span class='ocr_line' id='line_1_26' title="bbox 116 3247 986 3349; baseline 0.005 -28"><span class='ocrx_word' id='word_1_145' title='bbox 116 3276 229 3349; x_wconf 89' lang='lat' dir='ltr'>quum</span> <span class='ocrx_word' id='word_1_146' title='bbox 244 3247 361 3323; x_wconf 87' lang='lat' dir='ltr'>adhuc</span> <span class='ocrx_word' id='word_1_147' title='bbox 372 3262 554 3323; x_wconf 86' lang='lat' dir='ltr'>retentans</span> <span class='ocrx_word' id='word_1_148' title='bbox 562 3248 729 3347; x_wconf 91' lang='lat' dir='ltr'>spiritum</span> <span class='ocrx_word' id='word_1_149' title='bbox 736 3249 932 3347; x_wconf 82' lang='lat' dir='ltr'>,juvenem</span> <span class='ocrx_word' id='word_1_150' title='bbox 981 3281 986 3290; x_wconf 55' lang='lat'><em>¹</em></span> 
     </span>
     <span class='ocr_line' id='line_1_27' title="bbox 114 3364 928 3469; baseline 0.009 -30"><span class='ocrx_word' id='word_1_151' title='bbox 114 3364 371 3469; x_wconf 82' lang='lat' dir='ltr'>percunctari,</span> <span class='ocrx_word' id='word_1_152' title='bbox 397 3364 587 3469; x_wconf 82' lang='lat' dir='ltr'>quisnam,</span> <span class='ocrx_word' id='word_1_153' title='bbox 610 3383 648 3443; x_wconf 83' lang='lat' dir='ltr'>et</span> <span class='ocrx_word' id='word_1_154' title='bbox 671 3394 715 3441; x_wconf 87' lang='lat' dir='ltr'>ex</span> <span class='ocrx_word' id='word_1_155' title='bbox 736 3390 809 3468; x_wconf 87' lang='lat' dir='ltr'>quo</span> <span class='ocrx_word' id='word_1_156' title='bbox 829 3383 928 3446; x_wconf 77' lang='lat' dir='ltr'>ortus</span> 
     </span>
    </p>
   </div>
   <div class='ocr_carea' id='block_1_7' title="bbox 0 0 1146 4000">
    <p class='ocr_par' dir='ltr' id='par_1_7' title="bbox 0 0 1146 4000">
     <span class='ocr_line' id='line_1_28' title="bbox 0 0 1146 4000; baseline 0 0"><span class='ocrx_word' id='word_1_157' title='bbox 0 0 1146 4000; x_wconf 95' lang='lat' dir='ltr'> </span> 
     </span>
    </p>
   </div>
  </div>
 </body>
</html>
