2284 4000
175 301 179 306 ’
279 295 444 352 [IVRE
483 297 732 348 tanturn.

302 547 504 615 CAPUT
535 541 719 615 XXIII.

157 751 221 825 Ar
229 749 292 824 ubi
305 752 412 826 duces
420 753 579 827 sedatam
586 752 661 830 vim
669 749 922 826 malianimad·

104 884 280 963 vertunt,
307 886 571 971 ventorumque
598 870 701 944 flatus
731 865 922 972 navigandi

108 1012 325 1086 prosperos,
345 1004 453 1088 atque
474 987 756 1064 aestivam-maris
770 987 898 1063 faciem
908 1041 923 1082 ‚
1038 983 1040 987 ’

111 1092 242 1177 omnes
253 1104 323 1180 laeti
335 1107 651 1206 Agamemnonem
660 1107 812 1198 adeunt,
826 1131 925 1178 eum-

113 1249 187 1321 que
209 1220 355 1295 interitu
378 1222 457 1295 filiae
479 1238 713 1321 permeestum
728 1219 925 1316 consolati,
959 1294 961 1298 Α

117 1339 255 1414 honore
279 1339 381 1442 regni
403 1367 525 1415 rursus
546 1341 807 1416 concelebrant.
838 1343 928 1440 Qua

116 1485 175 1532 res
189 1474 356 1559 pergrata
368 1475 477 1559 atque
498 1475 643 1558 accepta
655 1487 721 1558 per
733 1456 928 1533 exercitum

108 1575 199 1664 fuit.
221 1579 316 1650 Eum
333 1574 468 1676 quippe
487 1574 668 1674 optimum
689 1576 930 1651 consultorem

119 1693 197 1787 sui,
211 1721 285 1769 non
296 1721 397 1768 secus
409 1721 520 1796 quam
533 1709 721 1792 parentem
736 1693 838 1767 miles
850 1719 931 1768 om·

119 1812 176 1887 nis
196 1812 414 1918 percolebat·
431 1813 501 1888 Sed
513 1815 769 1914 Agamemnon
781 1811 853 1912 sive¹
868 1835 934 1886 eo-

122 1958 207 2005 rum
214 1987 227 2026 ,
240 1958 320 2033 quae
332 1948 581 2031 praecesserant
589 1930 670 2007 satis
683 1931 839 2033 prudeus
844 1957 934 2027 ,seu

123 2052 364 2124 humanarum
390 2049 514 2126 rerum
538 2051 786 2127 necessitatem
810 2050 934 2124 animo

59 2192 63 2196 ·
125 2184 313 2268 reputans,
328 2186 363 2243 et
378 2171 426 2244 oh
439 2170 477 2243 id
489 2172 656 2247 adversus
668 2168 863 2267 infortunia
871 2168 937 2249 fir·-
1022 2176 1025 2188 '

127 2285 329 2381 missimus,
343 2286 562 2361 dissimulato
576 2288 681 2388 quod·
691 2286 723 2360 ei
736 2286 937 2381 accederat,

129 2404 306 2479 honorem
319 2405 480 2505 suscipit,
490 2422 597 2507 atque
611 2432 654 2479 eo
669 2405 726 2479 die
740 2406 847 2479 duces
859 2430 939 2477 om-

131 2550 194 2597 ncs
205 2524 251 2597 ad
262 2551 300 2598 se
312 2524 349 2597 in
359 2522 563 2600 convivium
576 2522 730 2597 deducit.
742 2520 834 2595 Dein
846 2520 941 2593 haud

132 2640 254 2713 multis
280 2658 361 2740 post
383 2642 529 2735 diebuS,
557 2638 732 2715 exercitus
758 2638 942 2712 ordinatus

133 2784 201 2857 per
220 2758 346 2854 duces,
369 2786 484 2860 quum
498 2770 745 2857 opportunum
760 2756 835 2857 jam
851 2772 944 2831 tem-

134 2899 203 2975 pus
227 2876 417 2980 navigandi
435 2878 638 2979 ingrueret,
660 2866 945 2952 ascendit'naves

137 2992 946 3095 repletasmultisrebuspretiosissimis,quaeab

137 3112 762 3215 incolisregionisejusofferebantur.
771 3113 950 3185 Caeterum

138 3228 321 3303 frumenta
333 3285 346 3323 ,
360 3229 509 3323 vinum,
522 3229 660 3331 aliaque
674 3228 743 3303 cibi
756 3226 950 3302 necessaria

140 3346 255 3421 Anius
269 3363 304 3421 et
324 3347 401 3450 ejus
415 3347 492 3422 filiae
505 3341 689 3448 praebuere
700 3403 713 3443 ,
736 3373 813 3448 quae
825 3346 952 3421 OEno·
