2284 4000
326 284 501 335 cunnus
530 287 577 335 oa
605 288 756 339 raora.
873 258 945 335 255

299 478 506 549 oarur
541 448 790 551 xxxur

183 648 339 725 Trurus
374 664 504 751 'pugnae
539 652 758 751 supervenit.
797 650 955 757 Trojani'

138 766 336 843 exercitum
352 767 522 851 educunt.
540 770 677 843 Contra
692 772 951 871 Agamemnon

137 895 266 961 omues
290 884 399 959 duces
426 883 464 958 in
482 896 653 989 'pugnam
677 888 796 991 cogit,
822 889 956 989 proelio.
1010 890 1023 912 '

137 1002 331 1078 commisso
351 1002 402 1077 fit*
412 1031 544 1106 magna
564 1006 677 1081 caedes
700 1037 710 1078 ε
736 1005 866 1081 acriter
885 1034 958 1083 sees
1081 1062 1084 1066 -

137 1119 249 1195 viunt.
280 1120 475 1223 Postquam
506 1123 668 1221 primum
688 1131 845 1223 'tempus
878 1125 956 1201 diei

137 1238 294 1334 transiit,
313 1240 436 1338 prodit
454 1240 493 1315 iu
505 1242 632 1341 proelio
648 1242 813 1337 Troilusj
829 1244 951 1339 caedit,

43 1392 46 1396 ·
137 1357 342 1455 prosternit.
370 1358 497 1466 Argivi
522 1360 650 1461 fugam
680 1388 765 1436 cum
792 1356 952 1436 clamore
984 1456 986 1463 s

137 1474 311 1551 fecerunt·
341 1476 497 1552 Achilles
511 1493 563 1574 'ut
588 1475 678 1553 vidit
705 1478 873 1553 Troilum
901 1477 953 1553 ita

138 1594 279 1689 saevire,
311 1610 347 1670 et
371 1594 517 1697 Argivis
548 1594 742 1690 insultare,
769 1596 955 1697 simulque

137 1712 213 1789 sine
236 1712 501 1807 intermissione
526 1730 764 1813 posternere,
797 1712 954 1815 Argivos

135 1831 317 1927 laborare,
330 1832 494 1933 prosiluit
506 1834 544 1907 in
560 1834 820 1909 bellumrEum
834 1833 949 1908 conti-

116 1976 209 2035 nuo
222 1950 366 2027 Troilus
377 1952 556 2053 praecipit,
574 1968 610 2028 et
626 1950 771 2028 sauciat.
792 1950 952 2029 Achilles·

133 2071 180 2147 de
196 2071 323 2170 praelio
339 2062 478 2148 raucius
497 2072 614 2146 redit:
631 2081 815 2174 pugnatur
835 2071 951 2146 conti·

133 2188 214 2264 nais
228 2189 354 2265 diebus
375 2216 447 2266 sex.
473 2189 542 2266 Die
557 2189 714 2288 septimo
735 2189 824 2264 dum
847 2204 951 2282 uter-

134 2333 206 2408 que
217 2309 391 2386 exercitus
403 2309 530 2410 proelio
540 2309 736 2384 commisso
748 2307 949 2411 fugaretur,

134 2424 291 2503 Achillea
313 2430 378 2530 qui
399 2429 577 2530 aliquibus
599 2427 724 2503 diebus
745 2443 891 2505 vexatus
910 2428 950 2502 in

132 2551 295 2649 pugnam
308 2573 380 2621 non
395 2549 600 2646 prodierat,
612 2547 864 2650 Myrmidonas
880 2547 950 2622 ius-

133 2667 232 2740 truit.
250 2668 450 2761 Hortatur,
463 2664 657 2767 alloquitur
672 2681 713 2740 ut
726 2664 950 2742 fortiterim-

133 2784 353 2886 pressionem
366 2785 403 2858 in
416 2782 584 2860 Troilum
596 2783 738 2858 faciant.
752 2786 948 2892 Postquam

134 2904 254 3004 major
277 2929 362 3002 pars
385 2901 454 2978 diei
477 2901 636 2998 transiit,
658 2903 780 3002 prodit
804 2902 949 2979 Troilus

133 3050 178 3109 ex
191 3046 286 3123 equo
299 3021 409 3096 letus.
425 3021 554 3124 Argivi
567 3019 726 3098 clamore
739 3046 875 3123 magno
894 3021 948 3095 fu·

132 3165 216 3242 gam
239 3139 388 3216 faciunt.
409 3139 661 3243 Myrmidones
686 3157 945 3239 supervenere,

130 3257 405 3356 impressionem
439 3255 476 3330 in
510 3256 677 3332 Troilum
710 3251 867 3350 faciunt,
899 3256 945 3332 de

134 3401 294 3478 quorum
311 3400 466 3453 numero
480 3374 586 3450 multi
600 3403 621 3450 a
634 3372 760 3451 Troilo
774 3372 948 3451 occidun—
1018 3396 1021 3401 ·
